=LDR  02483cam  2200481 i 4500
=001  001096681
=005  20190415095141.0
=006  m\\\\\o\\d\f\\\\\\
=007  cr\|||||||||||
=008  190408s2019\\\\dcua\\\\ob\\\f000\0\eng\c
=035  \\$a(OCoLC)1091899804
=040  \\$aGPO$beng$erda$epn$cGPO$dGPO
=042  \\$apcc
=043  \\$an-us---
=050  \4$aKF27$b.I52817 2019
=074  \\$a1023-C (online)
=086  0\$aY 4.R 31/3:116-4
=088  \\$aSerial no. 116-4 (United States. Congress. House. Committee on Natural Resources)
=110  1\$aUnited States.$bCongress.$bHouse.$bCommittee on Natural Resources.$bSubcommittee on Indigenous Peoples of the United States,$eauthor.
=245  14$aThe impacts of climate change on tribal communities :$boversight hearing before the Subcommittee on Indigenous Peoples of the United States of the Committee on Natural Resources, U.S. House of Representatives, One Hundred Sixteenth Congress, first session, Tuesday, February 12, 2019.
=264  \1$aWashington :$bU.S. Government Publishing Office,$c2019.
=300  \\$a1 online resource (iii, 42 pages) :$bcolor illustrations
=336  \\$atext$btxt$2rdacontent
=337  \\$acomputer$bc$2rdamedia
=338  \\$aonline resource$bcr$2rdacarrier
=588  \\$aDescription based on online resource; title from PDF title screen (govinfo, viewed on Apr. 8, 2019).
=504  \\$aIncludes bibliographical references.
=500  \\$a"Serial no. 116-4."
=650  \0$aIndians of North America$xSocial conditions.
=650  \0$aIndians of North America$xEconomic conditions.
=650  \0$aClimatic changes$xEconomic aspects$zUnited States.
=650  \0$aClimatic changes$xSocial aspects$zUnited States.
=650  \0$aHuman beings$xEffect of climate on$zUnited States.
=650  \0$aIndigenous peoples$xEcology$zUnited States.
=655  \7$aLegislative hearings.$2lcgft
=776  08$iPrint version:$aUnited States. Congress. House. Committee on Natural Resources. Subcommittee on Indigenous Peoples of the United States.$tImpacts of climate change on tribal communities$w(OCoLC)1091900387
=856  40$uhttps://purl.fdlp.gov/GPO/gpo118638
=856  4\$zAddress at time of PURL creation$uhttps://www.govinfo.gov/content/pkg/CHRG-116hhrg35199/pdf/CHRG-116hhrg35199.pdf
=856  \\$3(online)$uhttps://catalog.gpo.gov/fdlpdir/locate.jsp?ItemNumber=1023-C&SYS=001096681
=994  \\$aC0$bGPO
=049  \\$aGPOO
=955  \\$abca29 20190415
=955  \\$abca29 20190408$b20190408

