=LDR  02332cai  2200529 i 4500
=001  001096745
=003  OCoLC
=005  20190530123630.0
=006  m\\\\\o\\d\f\\\\\\
=007  cr\mn|||||||||
=008  190409c20189999dcu\x\w\o\b\\f0\\\\2eng\c
=010  \\$a2019231035
=035  \\$a(OCoLC)1096184920
=040  \\$aGPO$beng$erda$epn$cGPO$dOCLCF$dGPO
=042  \\$apcc
=043  \\$an-us---
=074  \\$a0807-A-07 (online)
=086  0\$aLC 14.23:RL 34325/
=100  1\$aMurphy, M. Maureen,$eauthor.
=245  10$aIndian Gaming Regulatory Act (IGRA) :$bgaming on newly acquired lands /$cM. Maureen Murphy.
=246  1\$aGaming on newly acquired lands
=250  \\$a[Library of Congress public edition].
=264  \1$a[Washington, D.C.] :$bCongressional Research Service,$c2018-
=300  \\$a1 online resource.
=310  \\$aUpdated irregularly
=336  \\$atext$btxt$2rdacontent
=337  \\$acomputer$bc$2rdamedia
=338  \\$aonline resource$bcr$2rdacarrier
=490  1\$aReport / Congressional Research Service ;$vRL34325
=500  \\$aThe CRS report home page provides access to all versions published since 2018 in accordance with P.L. 115-141; earliest version dated 2016.
=504  \\$aReport includes bibliographical references.
=588  \\$aDescription based on contents viewed on Apr. 5, 2019; title from CRS report home page.
=610  10$aUnited States.$tIndian Gaming Regulatory Act.
=610  20$aNational Indian Gaming Commission (U.S.)
=650  \0$aIndians of North America$xLegal status, laws, etc.
=650  \0$aIndians of North America$xGambling.
=650  \0$aGambling on Indian reservations$xLaw and legislation$zUnited States$xLegislative history.
=710  2\$aLibrary of Congress.$bCongressional Research Service,$eissuing body.
=773  08$iContained in (work):$tCRS reports (Library of Congress. Congressional Research Service)$w(DLC) 2018231131$w(OCoLC)1052784408
=830  \0$aCRS report ;$vRL34325.
=856  40$uhttps://purl.fdlp.gov/GPO/gpo118553
=856  4\$zAddress at time of PURL creation$uhttps://crsreports.congress.gov/product/details?prodcode=RL34325
=856  \\$3(online)$uhttps://catalog.gpo.gov/fdlpdir/locate.jsp?ItemNumber=0807-A-07&SYS=001096745
=994  \\$aC0$bGPO
=049  \\$aGPOO
=955  \\$abc34 20190409$b20190409
=922  \\$aCRSREP

