=LDR  02189cam  2200457 i 4500
=001  001096868
=005  20190410085851.0
=006  m\\\\\o\\d\f\\\\\\
=007  cr\|||||||||||
=008  190410s2019\\\\dcu\\\\\ob\\\f000\0\eng\c
=035  \\$a(OCoLC)1096280553
=040  \\$aGPO$beng$erda$epn$cGPO$dGPO
=042  \\$apcc
=043  \\$an-us---
=050  \4$aKF31$b.I45 2019d
=074  \\$a1008-G (online)
=086  0\$aY 1.1/5:116-21
=110  1\$aUnited States.$bCongress.$bSenate.$bCommittee on Indian Affairs,$eauthor.
=245  10$aTo provide for rental assistance for homeless or at-risk Indian veterans, and for other purposes :$breport (to accompany S. 257) (including cost estimate of the Congressional Budget Office).
=264  \1$a[Washington, D.C.] :$b[U.S. Government Publishing Office],$c[2019]
=300  \\$a1 online resource (7 pages).
=336  \\$atext$btxt$2rdacontent
=337  \\$acomputer$bc$2rdamedia
=338  \\$aonline resource$bcr$2rdacarrier
=490  1\$aReport / 116th Congress, 1st session, Senate ;$v116-21
=588  \\$aDescription based on online resource; title from PDF title screen (govinfo web site, viewed on Apr. 10, 2019).
=500  \\$a"March 28, 2019."
=504  \\$aIncludes bibliographical references.
=650  \0$aIndian veterans$xServices for$zUnited States.
=650  \0$aIndians of North America$xHousing$xLaw and legislation.
=650  \0$aHomeless veterans$xServices for$zUnited States.
=650  \0$aHousing$xLaw and legislation$zUnited States.
=655  \7$aLegislative materials.$2lcgft
=776  08$iPrint version:$aUnited States. Congress. Senate. Committee on Indian Affairs.$tTo provide for rental assistance for homeless or at-risk Indian veterans, and for other purposes$w(OCoLC)1096280285
=810  1\$aUnited States.$bCongress.$bSenate.$tReport ;$v116-21.
=856  40$uhttps://purl.fdlp.gov/GPO/gpo118237
=856  4\$zAddress at time of PURL creation$uhttps://www.govinfo.gov/content/pkg/CRPT-116srpt21/pdf/CRPT-116srpt21.pdf
=856  \\$3(online)$uhttps://catalog.gpo.gov/fdlpdir/locate.jsp?ItemNumber=1008-G&SYS=001096868
=994  \\$aC0$bGPO
=049  \\$aXZL4
=955  \\$abca29 20190410$b20190410

