=LDR  02752cam  2200493 i 4500
=001  001097104
=005  20190417143023.0
=006  m\\\\\o\\d\f\\\\\\
=007  cr\|||||||||||
=008  190412s2019\\\\dcu\\\\\ob\\\f000\0\eng\c
=035  \\$a(OCoLC)1096437071
=040  \\$aGPO$beng$erda$epn$cGPO$dGPO
=042  \\$apcc
=043  \\$an-us---
=050  \4$aKF31$b.I45 2019e
=074  \\$a1008-G (online)
=086  0\$aY 1.1/5:116-28
=110  1\$aUnited States.$bCongress.$bSenate.$bCommittee on Indian Affairs,$eauthor.
=245  10$aTo amend the Native American Business Development, Trade Promotion, and Tourism Act of 2000, the Buy Indian Act, and the Native American Programs Act of 1974 to provide industry and economic development opportunities to Indian communities :$breport (to accompany S. 212) (including cost estimate of the Congressional Budget Office).
=264  \1$a[Washington, D.C.] :$b[U.S. Government Publishing Office],$c[2019]
=300  \\$a1 online resource (15 pages).
=336  \\$atext$btxt$2rdacontent
=337  \\$acomputer$bc$2rdamedia
=338  \\$aonline resource$bcr$2rdacarrier
=490  1\$aReport / 116th Congress, 1st session, Senate ;$v116-28
=588  \\$aDescription based on online resource; title from PDF title screen (govinfo web site, viewed on Apr. 12, 2019).
=500  \\$a"April 8, 2019."
=504  \\$aIncludes bibliographical references.
=650  \0$aIndian business enterprises$xLaw and legislation$zUnited States.
=650  \0$aIndians of North America$xEconomic conditions.
=650  \0$aFederal aid to minority business enterprises$zUnited States.
=650  \0$aFederal aid to Indians$zUnited States.
=655  \7$aLegislative materials.$2lcgft
=776  08$iPrint version:$aUnited States. Congress. Senate. Committee on Indian Affairs.$tTo amend the Native American Business Development, Trade Promotion, and Tourism Act of 2000, the Buy Indian Act, and the Native American Programs Act of 1974 to provide industry and economic development opportunities to Indian communities$w(OCoLC)1097554808
=810  1\$aUnited States.$bCongress.$bSenate.$tReport ;$v116-28.
=856  40$3PDF version$uhttps://purl.fdlp.gov/GPO/gpo118852
=856  40$3Text version$uhttps://purl.fdlp.gov/GPO/gpo118853
=856  4\$zAddress at time of PURL creation$3PDF version$uhttps://www.govinfo.gov/content/pkg/CRPT-116srpt28/pdf/CRPT-116srpt28.pdf
=856  4\$zAddress at time of PURL creation$3Text version$uhttps://www.govinfo.gov/content/pkg/CRPT-116srpt28/html/CRPT-116srpt28.htm
=856  \\$3(online)$uhttps://catalog.gpo.gov/fdlpdir/locate.jsp?ItemNumber=1008-G&SYS=001097104
=994  \\$aC0$bGPO
=049  \\$aGPOO
=955  \\$abca29 20190417
=955  \\$abca29 20190412$b20190412

