=LDR  02461cam  2200493 i 4500
=001  001097189
=005  20190424084123.0
=006  m\\\\\o\\d\f\\\\\\
=007  cr\|||||||||||
=008  190415s2019\\\\dcu\\\\\ob\\\f000\0\eng\c
=035  \\$a(OCoLC)1097184066
=040  \\$aGPO$beng$erda$epn$cGPO$dGPO
=042  \\$apcc
=043  \\$an-us---
=050  \4$aKF31$b.I45 2019f
=074  \\$a1008-G (online)
=086  0\$aY 1.1/5:116-30
=110  1\$aUnited States.$bCongress.$bSenate.$bCommittee on Indian Affairs,$eauthor.
=245  10$aTo clarify the rights of Indians and Indian tribes on Indian lands under the National Labor Relations Act :$breport (to accompany S. 226) (including cost estimate of the Congressional Budget Office).
=264  \1$a[Washington, D.C.] :$b[U.S. Government Publishing Office],$c[2019]
=300  \\$a1 online resource (7 pages).
=336  \\$atext$btxt$2rdacontent
=337  \\$acomputer$bc$2rdamedia
=338  \\$aonline resource$bcr$2rdacarrier
=490  1\$aReport / 116th Congress, 1st session, Senate ;$v116-30
=588  \\$aDescription based on online resource; title from PDF title screen (govinfo web site, viewed on Apr. 15, 2019).
=500  \\$a"April 9, 2019."
=504  \\$aIncludes bibliographical references.
=650  \0$aIndians of North America$xLegal status, laws, etc.
=610  10$aUnited States.$tNational Labor Relations Act.
=650  \0$aIndians of North America$xGovernment relations.
=650  \0$aLabor laws and legislation$zUnited States.
=655  \7$aLegislative materials.$2lcgft
=776  08$iPrint version:$aUnited States. Congress. Senate. Committee on Indian Affairs.$tTo clarify the rights of Indians and Indian tribes in Indian lands under the National Labor Relations Act$w(OCoLC)1098213590
=810  1\$aUnited States.$bCongress.$bSenate.$tReport ;$v116-30.
=856  40$3PDF version$uhttps://purl.fdlp.gov/GPO/gpo118985
=856  40$3Text version$uhttps://purl.fdlp.gov/GPO/gpo118986
=856  4\$zAddress at time of PURL creation$3PDF version$uhttps://www.govinfo.gov/content/pkg/CRPT-116srpt30/pdf/CRPT-116srpt30.pdf
=856  4\$zAddress at time of PURL creation$3Text version$uhttps://www.govinfo.gov/content/pkg/CRPT-116srpt30/html/CRPT-116srpt30.htm
=856  \\$3(online)$uhttps://catalog.gpo.gov/fdlpdir/locate.jsp?ItemNumber=1008-G&SYS=001097189
=994  \\$aC0$bGPO
=049  \\$aGPOO
=955  \\$abca29 20190424
=955  \\$abca29 20190415$b20190415

