=LDR  02451cam  2200469 i 4500
=001  001097649
=005  20190506110952.0
=006  m\\\\\o\\d\f\\\\\\
=007  cr\|||||||||||
=008  190422s2019\\\\dcua\\\\ob\\\f000\0\eng\c
=035  \\$a(OCoLC)1098034940
=040  \\$aGPO$beng$erda$epn$cGPO$dGPO
=042  \\$apcc
=043  \\$an-us---$an-us-ak
=050  \4$aKF26$b.C69664 2017d
=074  \\$a1041-C (online)
=086  0\$aY 4.C 73/7:S.HRG.115-570
=110  1\$aUnited States.$bCongress.$bSenate.$bCommittee on Commerce, Science, and Transportation.$bSubcommittee on Oceans, Atmosphere, Fisheries, and Coast Guard,$eauthor.
=245  10$aExploring Native American subsistence rights and international treaties :$bhearing before the Subcommittee on Oceans, Atmosphere, Fisheries, and Coast Guard of the Committee on Commerce, Science, and Transportation, United States Senate, One Hundred Fifteenth Congress, first session, October 31, 2017.
=264  \1$aWashington :$bU.S. Government Publishing Office,$c2019.
=300  \\$a1 online resource (iii, 59 pages) :$billustrations.
=336  \\$atext$btxt$2rdacontent
=337  \\$acomputer$bc$2rdamedia
=338  \\$aonline resource$bcr$2rdacarrier
=490  1\$aS. hrg. ;$v115-570
=588  \\$aDescription based on online resource; title from PDF title screen (govinfo web site, viewed on Apr. 22, 2019).
=504  \\$aIncludes bibliographical references.
=650  \0$aWhaling$zAlaska.
=650  \0$aAlaska Natives$xLegal status, laws, etc.$zUnited States.
=650  \0$aWhaling$xLaw and legislation$zUnited States.
=650  \0$aSubsistence economy$zAlaska.
=650  \0$aSubsistence hunting$zAlaska.
=655  \7$aLegislative hearings.$2lcgft
=776  08$iPrint version:$aUnited States. Congress. Senate. Committee on Commerce, Science, and Transportation. Subcommittee on Oceans, Atmosphere, Fisheries, and Coast Guard.$tExploring Native American subsistence rights and international treaties$w(OCoLC)1099469998
=810  1\$aUnited States.$bCongress.$bSenate.$tS. hrg. ;$v115-570.
=856  40$uhttps://purl.fdlp.gov/GPO/gpo119015
=856  4\$zAddress at time of PURL creation$uhttps://www.govinfo.gov/content/pkg/CHRG-115shrg35754/pdf/CHRG-115shrg35754.pdf
=856  \\$3(online)$uhttps://catalog.gpo.gov/fdlpdir/locate.jsp?ItemNumber=1041-C&SYS=001097649
=994  \\$aC0$bGPO
=049  \\$aGPOO
=955  \\$abca29 20190506
=955  \\$abca29 20190422$b20190422

