=LDR  02212cam  2200493 i 4500
=001  001097686
=005  20190422150738.0
=006  m\\\\\o\\d\f\\\\\\
=007  cr\|||||||||||
=008  180807s1962\\\\dcub\\\aob\\\f000\0\eng\c
=035  \\$a(OCoLC)1048000184
=040  \\$aCOP$beng$erda$epn$cCOP$dOCLCO$dOCLCF$dGPO
=042  \\$apcc
=043  \\$an-us-az
=074  \\$a0625 (online)
=086  0\$aI 19.13:1576-A
=100  1\$aTwenter, F. R.,$eauthor.
=245  10$aGeology and promising areas for ground-water development in the Hualapai Indian Reservation, Arizona /$cby F.R. Twenter.
=264  \1$a[Washington, D.C.] :$bUnited States Department of the Interior, Geological Survey,$c1962.
=264  \2$aWashington :$bUnited States Government Printing Office
=300  \\$a1 online resource (iv, 38 pages) :$bmaps.
=336  \\$atext$btxt$2rdacontent
=337  \\$acomputer$bc$2rdamedia
=338  \\$aonline resource$bcr$2rdacarrier
=490  1\$aGeological Survey water-supply paper ;$v1576-A
=490  1\$aWater supply of Indian reservations
=500  \\$a"Prepared in cooperation with the Bureau of Indian Affairs."
=504  \\$aIncludes bibliographical references (pages 37-38).
=588  \\$aDescription based on online resource, PDF version; title from title page (USGS, viewed Aug. 6, 2018).
=650  \0$aGeology$zArizona$zHualapai Indian Reservation.
=650  \0$aGroundwater$zArizona$zHualapai Indian Reservation.
=650  \7$aGeology.$2fast$0(OCoLC)fst00940627
=650  \7$aGroundwater.$2fast$0(OCoLC)fst00948209
=651  \7$aArizona$zHualapai Indian Reservation.$2fast$0(OCoLC)fst01256448
=710  2\$aGeological Survey (U.S.),$eissuing body.
=710  1\$aUnited States.$bBureau of Indian Affairs,$esponsoring body.
=830  \0$aGeological Survey water-supply paper ;$v1576-A.
=830  \0$aWater supply of Indian reservations.
=856  40$uhttps://purl.fdlp.gov/GPO/gpo119357
=856  4\$zAddress at time of PURL creation$uhttps://pubs.er.usgs.gov/publication/wsp1576A
=856  \\$3(online)$uhttps://catalog.gpo.gov/fdlpdir/locate.jsp?ItemNumber=0625&SYS=001097686
=994  \\$aC0$bGPO
=049  \\$aXZL4
=955  \\$aCATPART; CSM;$abc88 20190422$b20190422

