=LDR  02991cam  2200505 i 4500
=001  001097938
=005  20190426103834.0
=006  m\\\\\o\\d\f\\\\\\
=007  cr\|||||||||||
=008  101117s1995\\\\dcub\\\\ob\\\f000\0\eng\c
=019  \\$a657295566
=035  \\$a(OCoLC)682211417$z(OCoLC)657295566
=040  \\$aOCLCE$beng$erda$epn$cOCLCE$dOCLCQ$dOCLCF$dOCLCQ$dOCLCO$dCWCLL$dOCL$dNJR$dOCLCQ$dOCLCA$dYOR$dGPO
=042  \\$adlr$apcc
=043  \\$an-us-ak
=050  \4$aKF27$b.I538 1995
=074  \\$a1023-A (online)
=086  0\$aY 4.R 31/3:103-120
=088  \\$aSerial no. 103-120 (United States. Congress. House. Committee on Natural Resources)
=110  1\$aUnited States.$bCongress.$bHouse.$bCommittee on Natural Resources.$bSubcommittee on Oversight and Investigations,$eauthor.
=245  10$aAlaska native legislation :$bhearing before the Subcommittee on Oversight and Investigations of the Committee on Natural Resources, House of Representatives; One Hundred Third Congress, second session; on H.R. 3612, to amend the Alaska Native Claims Settlement Act, and for other purposes; H.R. 4665, to amend the Alaska Native Claims Settlement Act, and for other purposes; H.R. 3613, Kenai Natives Association Equity Act; hearing held in Washington, DC; September 22, 1994.
=246  13$aH.R. 3612, to amend the Alaska Native Claims Settlement Act, and for other purposes
=246  13$aH.R. 4665, to amend the Alaska Native Claims Settlement Act, and for other purposes
=246  13$aH.R. 3613, Kenai Natives Association Equity Act
=264  \1$aWashington :$bU.S. Goverment Printing Office,$c1995.
=300  \\$a1 online resource (iv, 161 pages) :$bmap
=336  \\$atext$btxt$2rdacontent
=337  \\$acomputer$bc$2rdamedia
=338  \\$aonline resource$bcr$2rdacarrier
=588  \\$aDescription based on online resource; title from PDF title screen (govinfo web site, viewed on Apr. 26, 2019).
=504  \\$aIncludes bibliographical references.
=500  \\$a"Serial no. 103-120."
=610  10$aUnited States.$tAlaska Native Claims Settlement Act.
=650  \0$aAlaska Natives$xClaims.
=650  \0$aAlaska Natives$xLand tenure.
=650  \0$aCorporation law$zAlaska.
=655  \7$aLegislative hearings.$2lcgft
=776  08$iMicrofiche version:$aUnited States. Congress. House. Committee on Natural Resources. Subcommittee on Oversight and Investigations.$tAlaska native legislation$w(OCoLC)32613363
=776  08$iPrint version:$aUnited States. Congress. House. Committee on Natural Resources. Subcommittee on Oversight and Investigations.$tAlaska native legislation$w(DLC) 95179033$w(OCoLC)32188529
=856  40$uhttps://purl.fdlp.gov/GPO/gpo119501
=856  4\$zAddress at time of PURL creation$uhttps://www.govinfo.gov/content/pkg/CHRG-103hhrg85316/pdf/CHRG-103hhrg85316.pdf
=856  \\$3(online)$uhttps://catalog.gpo.gov/fdlpdir/locate.jsp?ItemNumber=1023-A&SYS=001097938
=994  \\$aC0$bGPO
=049  \\$aXZL4
=955  \\$abca29 20190426$b20190426

