=LDR  02771cam  2200469 i 4500
=001  001097944
=005  20190426110412.0
=006  m\\\\\o\\d\f\\\\\\
=007  cr\|||||||||||
=008  180613s1996\\\\dcua\\\\o\\\\f000\0\eng\c
=019  \\$a1038746998
=035  \\$a(OCoLC)1040061439$z(OCoLC)1038746998
=040  \\$aOCLCE$beng$erda$epn$cOCLCE$dINARC$dGPO
=042  \\$adlr$apcc
=043  \\$an-us-ak$an-us---
=074  \\$a1023-A (online)
=086  0\$aY 4.R 31/3:104-52
=088  \\$aSerial no. 104-52 (United States. Congress. House. Committee on Resources)
=110  1\$aUnited States.$bCongress.$bHouse.$bCommittee on Resources,$eauthor.
=245  10$aAlaska Native Commission report :$bjoint oversight hearing before the Committee on Resources, House of Representatives, and Committee on Energy and Natural Resources and Committee on Indian Affairs, United States Senate; One Hundred Fourth Congress, first session; on the final report of the Federal-State Alaska Natives Commission, dated 1994, to examine the recommendations proposed, and how the problems of Native Alaskans can be improved through better federal and state programs; November 16, 1995; Washington, DC.
=264  \1$aWashington :$bU.S. G.P.O.,$c1996.
=264  \2$aWashington :$bFor sale by the U.S. G.P.O., Supt. of Docs., Congressional Sales Office
=300  \\$a1 online resource (vi, 311 pages) :$billustrations
=336  \\$atext$btxt$2rdacontent
=337  \\$acomputer$bc$2rdamedia
=338  \\$aonline resource$bcr$2rdacarrier
=588  \\$aDescription based on online resource; title from PDF title screen (govinfo web site, viewed on Apr. 26, 2019).
=500  \\$a"Serial no. 104-52."
=610  10$aUnited States.$bJoint Federal-State Commission on Policies and Programs Affecting Alaska Natives.
=650  \0$aAlaska Natives$xSocial conditions.
=650  \0$aAlaska Natives$xGovernment relations.
=655  \7$aLegislative hearings.$2lcgft
=710  1\$aUnited States.$bCongress.$bSenate.$bCommittee on Energy and Natural Resources.
=710  1\$aUnited States.$bCongress.$bSenate.$bCommittee on Indian Affairs.
=776  08$iPrint version:$aUnited States. Congress. House. Committee on Resources.$tAlaska Native Commission report$w(DLC) 96160158$w(OCoLC)34888888
=776  08$iMicrofiche version:$aUnited States. Congress. House. Committee on Resources.$tAlaska Native Commission report$w(OCoLC)35562132
=856  40$uhttps://purl.fdlp.gov/GPO/gpo119503
=856  4\$zAddress at time of PURL creation$uhttps://www.govinfo.gov/content/pkg/CHRG-104hhrg21794/pdf/CHRG-104hhrg21794.pdf
=856  \\$3(online)$uhttps://catalog.gpo.gov/fdlpdir/locate.jsp?ItemNumber=1023-A&SYS=001097944
=994  \\$aC0$bGPO
=049  \\$aXZL4
=955  \\$abca29 20190426$b20190426

