=LDR  02093cam  2200385 i 4500
=001  001098032
=005  20190429132934.0
=006  m\\\\\o\\d\f\\\\\\
=007  cr\|||||||||||
=008  120630s1978\\\\dcu\\\\\o\\\\f000\0\eng\c
=019  \\$a512623500$a1012084130$a1022042021$a1069620875
=035  \\$a(OCoLC)797892644$z(OCoLC)512623500$z(OCoLC)1012084130$z(OCoLC)1022042021$z(OCoLC)1069620875
=040  \\$aOCLCE$beng$erda$epn$cOCLCE$dOCLCO$dOKU$dOCLCQ$dOCLCF$dOCLCQ$dUWO$dOCLCQ$dGPO
=042  \\$adlr$apcc
=043  \\$an-us---
=074  \\$a1009 (online)
=086  0\$aY 4.IN 2/11:SE 4/978
=110  1\$aUnited States.$bCongress.$bSenate.$bSelect Committee on Indian Affairs,$eauthor.
=245  10$aAmend the Indian self-determination and education assistance act :$bhearings before the United States Senate, Select Committee on Indian Affairs, Ninety-fifth Congress, second session, on S. 2460, to amend the Indian Self-determination and Education Assistance Act, March 14 and 22, 1978.
=264  \1$aWashington :$bU.S. Government Printing Office,$c1978.
=300  \\$a1 online resource (iv, 164 pages).
=336  \\$atext$btxt$2rdacontent
=337  \\$acomputer$bc$2rdamedia
=338  \\$aonline resource$bcr$2rdacarrier
=588  \\$aDescription based on online resource; title from PDF title screen (govinfo web site, viewed on Apr. 29, 2019).
=650  \0$aIndians of North America$xLegal status, laws, etc.
=650  \0$aIndians of North America$xEducation$xLaw and legislation.
=655  \7$aLegislative hearings.$2lcgft
=776  08$iPrint version:$aUnited States. Congress. Senate. Select Committee on Indian Affairs.$tAmend the Indian self-determination and education assistance act$w(DLC) 78602880$w(OCoLC)4091741
=856  40$uhttps://purl.fdlp.gov/GPO/gpo119555
=856  4\$zAddress at time of PURL creation$uhttps://www.govinfo.gov/content/pkg/CHRG-95shrg25601O/pdf/CHRG-95shrg25601O.pdf
=856  \\$3(online)$uhttps://catalog.gpo.gov/fdlpdir/locate.jsp?ItemNumber=1009&SYS=001098032
=994  \\$aC0$bGPO
=049  \\$aXZL4
=955  \\$abca29 20190429$b20190429

