=LDR  02543cam  2200493 i 4500
=001  001098167
=005  20190516082230.0
=006  m\\\\\o\\d\f\\\\\\
=007  cr\|||||||||||
=008  190501s2019\\\\dcu\\\\\o\\\\f000\0\eng\c
=035  \\$a(OCoLC)1099565831
=040  \\$aGPO$beng$erda$epn$cGPO$dGPO
=042  \\$apcc
=043  \\$an-us---
=050  \4$aKF31$b.I45 2019h
=074  \\$a1008-G (online)
=086  0\$aY 1.1/5:116-34
=110  1\$aUnited States.$bCongress.$bSenate.$bCommittee on Indian Affairs,$eauthor.
=245  10$aTo amend the Indian Self-Determination and Education Assistance Act to provide further self-governance by Indian tribes, and for other purposes :$breport (to accompany S. 209) (including cost estimate of the Congressional Budget Office).
=264  \1$a[Washington, D.C.] :$b[U.S. Government Publishing Office],$c[2019]
=300  \\$a1 online resource (13 pages).
=336  \\$atext$btxt$2rdacontent
=337  \\$acomputer$bc$2rdamedia
=338  \\$aonline resource$bcr$2rdacarrier
=490  1\$aReport / 116th Congress, 1st session, Senate ;$v116-34
=588  \\$aDescription based on online resource; title from PDF title screen (govinfo web site, viewed on May 1, 2019).
=500  \\$a"April 29, 2019."
=650  \0$aIndians of North America$xLegal status, laws, etc.
=650  \0$aIndians of North America$xEducation$xLaw and legislation.
=650  \0$aTribal government$zUnited States.
=650  \0$aIndians of North America$xPolitics and government.
=650  \0$aIndians of North America$xGovernment relations.
=655  \7$aLegislative materials.$2lcgft
=776  08$iPrint version:$aUnited States. Congress. Senate. Committee on Indian Affairs.$tTo amend the Indian Self-Determination and Education Act to provide further self-governance by Indian tribes, and for other purposes$w(OCoLC)1100768201
=810  1\$aUnited States.$bCongress.$bSenate.$tReport ;$v116-34.
=856  40$3PDF version$uhttps://purl.fdlp.gov/GPO/gpo119644
=856  40$3Text version$uhttps://purl.fdlp.gov/GPO/gpo119645
=856  4\$zAddress at time of PURL creation$3PDF version$uhttps://www.govinfo.gov/content/pkg/CRPT-116srpt34/pdf/CRPT-116srpt34.pdf
=856  4\$zAddress at time of PURL creation$3Text version$uhttps://www.govinfo.gov/content/pkg/CRPT-116srpt34/html/CRPT-116srpt34.htm
=856  \\$3(online)$uhttps://catalog.gpo.gov/fdlpdir/locate.jsp?ItemNumber=1008-G&SYS=001098167
=994  \\$aC0$bGPO
=049  \\$aGPOO
=955  \\$abca29 20190510
=955  \\$abca29 20190501$b20190501

