=LDR  02201cam  2200409 i 4500
=001  001098197
=005  20190501133814.0
=006  m\\\\\o\\d\f\\\\\\
=007  cr\|||||||||||
=008  120625s1980\\\\dcu\\\\\o\\\\f000\0\eng\c
=019  \\$a799673778$a1011887756$a1022048118$a1071040631
=035  \\$a(OCoLC)796705457$z(OCoLC)799673778$z(OCoLC)1011887756$z(OCoLC)1022048118$z(OCoLC)1071040631
=040  \\$aOCLCE$beng$erda$epn$cOCLCE$dOCLCO$dOCLCQ$dOCLCA$dOCLCF$dOCLCQ$dOCLCA$dOCLCQ$dNJR$dOCLCQ$dOCLCA$dUWO$dOCLCQ$dGPO
=042  \\$adlr$apcc
=043  \\$an-us---$an-us-mt
=074  \\$a1009 (online)
=086  0\$aY 4.IN 2/11:L 48
=110  1\$aUnited States.$bCongress.$bSenate.$bSelect Committee on Indian Affairs,$eauthor.
=245  10$aLeases involving the Secretary of the Interior and the Northern Cheyenne Indian Reservation :$bhearing before the Select Committee on Indian Affairs, United States Senate, Ninety-sixth Congress, second session, on S. 2126 ... March 28, 1980, Billings, Mont.
=264  \1$aWashington :$bU.S. Govt. Print. Off.,$c1980.
=300  \\$a1 online resource (iii, 46 pages).
=336  \\$atext$btxt$2rdacontent
=337  \\$acomputer$bc$2rdamedia
=338  \\$aonline resource$bcr$2rdacarrier
=588  \\$aDescription based on online resource; title from PDF title screen (govinfo web site, viewed on May 1, 2019).
=650  \0$aCoal leases$zMontana.
=610  10$aUnited States.$bDepartment of the Interior.
=650  \0$aCheyenne Indians$xLegal status, laws, etc.
=650  \0$aIndians of North America$xLegal status, laws, etc.
=655  \7$aLegislative hearings.$2lcgft
=776  08$iPrint version:$aUnited States. Congress. Senate. Select Committee on Indian Affairs.$tLeases involving the Secretary of the Interior and the Northern Cheyenne Indian Reservation$w(DLC) 80602714$w(OCoLC)7177207
=856  40$uhttps://purl.fdlp.gov/GPO/gpo119665
=856  4\$zAddress at time of PURL creation$uhttps://www.govinfo.gov/content/pkg/CHRG-96shrg63275O/pdf/CHRG-96shrg63275O.pdf
=856  \\$3(online)$uhttps://catalog.gpo.gov/fdlpdir/locate.jsp?ItemNumber=1009&SYS=001098197
=994  \\$aC0$bGPO
=049  \\$aXZL4
=955  \\$abca29 20190501$b20190501

