=LDR  02887cam  2200457 i 4500
=001  001098304
=005  20190502150006.0
=006  m\\\\\o\\d\f\\\\\\
=007  cr\|||||||||||
=008  101112s1996\\\\dcu\\\\\ob\\\f000\0\eng\c
=019  \\$a651755552$a654794846$a657435769$a1011880874$a1022039420$a1040061463$a1049678323$a1067137649
=035  \\$a(OCoLC)681272443$z(OCoLC)651755552$z(OCoLC)654794846$z(OCoLC)657435769$z(OCoLC)1011880874$z(OCoLC)1022039420$z(OCoLC)1040061463$z(OCoLC)1049678323$z(OCoLC)1067137649
=040  \\$aOCLCE$beng$erda$epn$cOCLCE$dOCLCQ$dOCLCF$dOCLCO$dOCLCQ$dNJR$dBUF$dOCLCQ$dINARC$dUWO$dOCLCQ$dGPO
=042  \\$adlr$apcc
=043  \\$an-us---
=074  \\$a1023-A (online)
=086  0\$aY 4.R 31/3:104-80
=088  \\$aSerial no. 104-80 (United States. Congress. House. Committee on Resources)
=110  1\$aUnited States.$bCongress.$bHouse.$bCommittee on Resources.$bTask Force on Indian Trust Fund Management,$eauthor.
=245  10$aManagement and reconciliation of Indian trust fund accounts :$bhearing before the Task Force on Indian Trust Fund Management of the Committee on Resources, House of Representatives, One Hundred Fourth Congress, second session, on the management of Indian trust funds, this government's trust responsibility to Native Americans, and an audit or reconciliation of these trust fund accounts, June 18, 1996--Washington, DC.
=264  \1$aWashington :$bU.S. Government Printing Office,$c1996.
=300  \\$a1 online resource (iii, 194 pages)
=336  \\$atext$btxt$2rdacontent
=337  \\$acomputer$bc$2rdamedia
=338  \\$aonline resource$bcr$2rdacarrier
=588  \\$aDescription based on online resource; title from PDF title screen (govinfo web site, viewed on May 2, 2019).
=504  \\$aIncludes bibliographical references.
=500  \\$a"Serial no. 104-80."
=650  \0$aTribal trust funds$zUnited States$xManagement.
=650  \0$aTribal trust funds$zUnited States$xAuditing.
=650  \0$aTrusts and trustees$zUnited States.
=650  \0$aFederal-Indian trust relationship.
=655  \7$aLegislative hearings.$2lcgft
=776  08$iPrint version:$aUnited States. Congress. House. Committee on Resources. Task Force on Indian Trust Fund Management.$tManagement and reconciliation of Indian trust fund accounts$w(OCoLC)35690655
=776  08$iMicrofiche version:$aUnited States. Congress. House. Committee on Resources. Task Force on Indian Trust Fund Management.$tManagement and reconciliation of Indian Trust Fund accounts$w(OCoLC)36036359
=856  40$uhttps://purl.fdlp.gov/GPO/gpo119731
=856  4\$zAddress at time of PURL creation$uhttps://www.govinfo.gov/content/pkg/CHRG-104hhrg26403/pdf/CHRG-104hhrg26403.pdf
=856  \\$3(online)$uhttps://catalog.gpo.gov/fdlpdir/locate.jsp?ItemNumber=1023-A&SYS=001098304
=994  \\$aC0$bGPO
=049  \\$aXZL4
=955  \\$abca29 20190502$b20190502

