=LDR  02300cam  2200409 i 4500
=001  001098428
=005  20190506135945.0
=006  m\\\\\o\\d\f\\\\\\
=007  cr\|||||||||||
=008  120630s1977\\\\dcu\\\\\o\\\\f000\0\eng\c
=019  \\$a512623721$a1011922744$a1022005526$a1067227856
=035  \\$a(OCoLC)797892584$z(OCoLC)512623721$z(OCoLC)1011922744$z(OCoLC)1022005526$z(OCoLC)1067227856
=040  \\$aOCLCE$beng$erda$epn$cOCLCE$dOCLCO$dOKU$dOCLCQ$dOCLCF$dOCLCA$dOCLCQ$dOCLCA$dUWO$dOCLCQ$dGPO
=042  \\$adlr$apcc
=043  \\$an-us-or
=050  \4$aKF26.5$b.I4 1977f
=074  \\$a1009 (online)
=086  0\$aY 4.IN 2/11:UM 1
=110  1\$aUnited States.$bCongress.$bSenate.$bSelect Committee on Indian Affairs,$eauthor.
=245  10$aUmatilla Indian reservation land consolidation, development, and inheritance of trust :$bhearing before the United States Senate Select Committee on Indian Affairs, Ninety-fifth Congress, first session, on S. 470 pertaining to land consolidation and development on the Umatilla Indian Reservation, S. 471 pertaining to the inheritance of trust or restricted lands on the Umatilla Indian Reservation, July 5, 1977.
=264  \1$aWashington :$bU.S. Government Printing Office,$c1977.
=300  \\$a1 online resource (iii, 103 pages)
=336  \\$atext$btxt$2rdacontent
=337  \\$acomputer$bc$2rdamedia
=338  \\$aonline resource$bcr$2rdacarrier
=588  \\$aDescription based on online resource; title from PDF title screen (govinfo web site, viewed on May 6, 2019).
=650  \0$aUmatilla Indians$xLand tenure.
=651  \0$aUmatilla Indian Reservation (Or.)
=650  \0$aIndians of North America$xLand tenure$zOregon.
=655  \7$aLegislative hearings.$2lcgft
=776  08$iPrint version:$aUnited States. Congress. Senate. Select Committee on Indian Affairs.$tUmatilla Indian reservation land consolidation, development, and inheritance of trust$w(DLC) 77604506$w(OCoLC)3627240
=856  40$uhttps://purl.fdlp.gov/GPO/gpo119920
=856  4\$zAddress at time of PURL creation$uhttps://www.govinfo.gov/content/pkg/CHRG-95shrg96304O/pdf/CHRG-95shrg96304O.pdf
=856  \\$3(online)$uhttps://catalog.gpo.gov/fdlpdir/locate.jsp?ItemNumber=1009&SYS=001098428
=994  \\$aC0$bGPO
=049  \\$aXZL4
=955  \\$abca29 20190506$b20190506

