=LDR  02343cam  2200385 i 4500
=001  001098430
=005  20190506140838.0
=006  m\\\\\o\\d\f\\\\\\
=007  cr\|||||||||||
=008  100423s1977\\\\dcu\\\\\o\\\\f000\0\eng\c
=019  \\$a629895891$a805950839$a1011995367$a1022019165$a1069647989
=035  \\$a(OCoLC)608974838$z(OCoLC)629895891$z(OCoLC)805950839$z(OCoLC)1011995367$z(OCoLC)1022019165$z(OCoLC)1069647989
=040  \\$aOCLCE$beng$erda$epn$cOCLCE$dOCLCQ$dOCLCF$dOCLCQ$dNJR$dOCLCQ$dOCLCA$dUWO$dOCLCQ$dGPO
=042  \\$adlr$apcc
=043  \\$an-us-or
=074  \\$a1009 (online)
=086  0\$aY 4.IN 2/11:SI 3
=110  1\$aUnited States.$bCongress.$bSenate.$bSelect Committee on Indian Affairs,$eauthor.
=245  10$aSiletz Indian tribe restoration :$bhearing before the United States Senate, Select Committee on Indian Affairs, Ninety-fifth Congress, first session, on S. 1560 to restore the confederated tribes of Siletz Indians of Oregon as a Federally recognized sovereign Indian tribe, to restore to the confederated tribes of Siletz Indians of Oregon and its members those Federal services and benefits furnished to Federally recognized American Indian tribes and their members, and for other purposes, July 13, 1977.
=264  \1$aWashington :$bU.S. Government Printing Office,$c1977.
=300  \\$a1 online resource (iii, 56 pages)
=336  \\$atext$btxt$2rdacontent
=337  \\$acomputer$bc$2rdamedia
=338  \\$aonline resource$bcr$2rdacarrier
=588  \\$aDescription based on online resource; title from PDF title screen (govinfo web site, viewed on May 6, 2019).
=650  \0$aSiletz Indians$xLegal status, laws, etc.
=650  \0$aIndians of North America$xLegal status, laws, etc.$zOregon.
=655  \7$aLegislative hearings.$2lcgft
=776  08$iPrint version:$aUnited States. Congress. Senate. Select Committee on Indian Affairs.$tSiletz Indian tribe restoration.$dWashington : U.S. Govt. Print. Off., 1977$w(DLC) 77604649$w(OCoLC)3381372
=856  40$uhttps://purl.fdlp.gov/GPO/gpo119925
=856  4\$zAddress at time of PURL creation$uhttps://www.govinfo.gov/content/pkg/CHRG-95shrg96637O/pdf/CHRG-95shrg96637O.pdf
=856  \\$3(online)$uhttps://catalog.gpo.gov/fdlpdir/locate.jsp?ItemNumber=1009&SYS=001098430
=994  \\$aC0$bGPO
=049  \\$aXZL4
=955  \\$abca29 20190506$b20190506

