=LDR  02024cam  2200457 i 4500
=001  001098764
=005  20190510084559.0
=006  m\\\\\o\\d\f\\\\\\
=007  cr\|||||||||||
=008  180807s1961\\\\dcuab\\\ob\\\f000\0\eng\c
=035  \\$a(OCoLC)1048000203
=040  \\$aCOP$beng$erda$epn$cCOP$dOCLCO$dOCLCF$dGPO
=042  \\$apcc
=043  \\$an-us-ca
=074  \\$a0625 (online)
=086  0\$aI 19.13:1576-C
=100  1\$aPoole, J. L.,$eauthor.
=245  10$aWater-resources reconnaissance of Hoopa Valley, Humboldt County, California /$cby J.L. Poole.
=264  \1$a[Washington, D.C.] :$bUnited States Department of the Interior, Geological Survey,$c1961.
=300  \\$a1 online resource (iii, 18 pages) :$billustrations, maps.
=336  \\$atext$btxt$2rdacontent
=337  \\$acomputer$bc$2rdamedia
=338  \\$aonline resource$bcr$2rdacarrier
=490  1\$aGeological Survey wter-supply paper ;$v1576-C
=490  1\$aWater supply of Indian reservations
=500  \\$a"Prepared in cooperation with the U.S. Bureau of Indian Affairs."
=504  \\$aIncludes bibliographical references (page 18).
=588  \\$aDescription based on online resource, PDF version; title from title page (USGS, viewed Aug. 6, 2018).
=650  \0$aWater-supply$zCalifornia$zHoopa Valley Indian Reservation.
=650  \7$aWater-supply.$2fast$0(OCoLC)fst01172350
=651  \7$aCalifornia$zHoopa Valley Indian Reservation.$2fast$0(OCoLC)fst01269467
=710  1\$aUnited States.$bBureau of Indian Affairs,$eissuing body.
=710  2\$aGeological Survey (U.S.),$eissuing body.
=830  \0$aWater supply of Indian reservations.
=830  \0$aGeological Survey water-supply paper ;$v1576-C.
=856  40$uhttps://purl.fdlp.gov/GPO/gpo120272
=856  4\$zAddress at time of PURL creation$uhttps://pubs.usgs.gov/wsp/1576c/report.pdf
=856  \\$3(online)$uhttps://catalog.gpo.gov/fdlpdir/locate.jsp?ItemNumber=0625&SYS=001098764
=994  \\$aC0$bGPO
=049  \\$aXZL4
=955  \\$aCATPART; CSM;$abc88 20190510$b20190510

