=LDR  02015cam  2200445 i 4500
=001  001098886
=005  20190517090057.0
=006  m\\\\\o\\d\f\\\\\\
=007  cr\|||||||||||
=008  190513s2019\\\\dcu\\\\\ob\\\f000\0\eng\c
=035  \\$a(OCoLC)1101120873
=040  \\$aGPO$beng$erda$epn$cGPO$dGPO
=042  \\$apcc
=043  \\$an-us-ma
=050  \4$aKF32$b.N38 2019
=074  \\$a1008-I (online)
=086  0\$aY 1.1/8:116-54
=110  1\$aUnited States.$bCongress.$bHouse.$bCommittee on Natural Resources,$eauthor.
=245  10$aMashpee Wampanoag Tribe Reservation Reaffirmation Act :$breport together with dissenting views (to accompany H.R. 312).
=264  \1$a[Washington, D.C.] :$b[U.S. Government Publishing Office],$c[2019]
=300  \\$a1 online resource (10 pages).
=336  \\$atext$btxt$2rdacontent
=337  \\$acomputer$bc$2rdamedia
=338  \\$aonline resource$bcr$2rdacarrier
=490  1\$aReport / 116th Congress, 1st session, House of Representatives ;$v116-54
=588  \\$aDescription based on online resource, PDF version; title from PDF title screen (govinfo web site, viewed on May 13, 2019).
=500  \\$a"May 10, 2019."
=504  \\$aIncludes bibliographical references.
=651  \0$aMashpee Wampanoag Tribe$xLand tenure.
=650  \0$aIndians of North America$xLegal status, laws, etc.$zMassachusetts.
=655  \7$aLegislative materials.$2lcgft
=776  08$iPrint version:$aUnited States. Congress. House. Committee on Natural Resources.$tMashpee Wampanoag Tribe Reservation Reaffirmation Act$w(OCoLC)1101620043
=810  1\$aUnited States.$bCongress.$bHouse.$tReport ;$v116-54.
=856  40$uhttps://purl.fdlp.gov/GPO/gpo120352
=856  4\$zAddress at time of PURL creation$uhttps://www.govinfo.gov/content/pkg/CRPT-116hrpt54/pdf/CRPT-116hrpt54.pdf
=856  \\$3(online)$uhttps://catalog.gpo.gov/fdlpdir/locate.jsp?ItemNumber=1008-I&SYS=001098886
=994  \\$aC0$bGPO
=049  \\$aGPOO
=955  \\$abca29 20190517
=955  \\$abca29 20190513$b20190513

