=LDR  02608cam  2200493 i 4500
=001  001098887
=005  20190517141843.0
=006  m\\\\\o\\d\f\\\\\\
=007  cr\|||||||||||
=008  190513s2019\\\\dcu\\\\\ob\\\f000\0\eng\c
=035  \\$a(OCoLC)1101120925
=040  \\$aGPO$beng$erda$epn$cGPO$dGPO
=042  \\$apcc
=043  \\$an-us---
=050  \4$aKF31$b.I45 2019i
=074  \\$a1008-G (online)
=086  0\$aY 1.1/5:116-37
=110  1\$aUnited States.$bCongress.$bSenate.$bCommittee on Indian Affairs,$eauthor.
=245  10$aAmending the Tribal Law and Order Act of 2010 and the Indian Law Enforcement Reform Act to provide for advancements in public safety services to Indian communities, and for other purposes :$breport (to accompany S. 210) (including cost estimate of the Congressional Budget Office).
=264  \1$a[Washington, D.C.] :$b[U.S. Government Publishing Office],$c[2019]
=300  \\$a1 online resource (30 pages).
=336  \\$atext$btxt$2rdacontent
=337  \\$acomputer$bc$2rdamedia
=338  \\$aonline resource$bcr$2rdacarrier
=490  1\$aReport / 116th Congress, 1st session, Senate ;$v116-37
=588  \\$aDescription based on online resource; title from PDF title screen (govinfo web site, viewed on May 13, 2019).
=500  \\$a"May 6, 2019."
=504  \\$aIncludes bibliographical references.
=650  \0$aCriminal jurisdiction$zUnited States.
=650  \0$aCriminal justice, Administration of$zUnited States.
=650  \0$aLaw enforcement$zUnited States.
=650  \0$aIndians of North America$xLegal status, laws, etc.
=655  \7$aLegislative materials.$2lcgft
=776  08$iPrint version:$aUnited States. Congress. Senate. Committee on Indian Affairs.$tAmending the Tribal Law and Order Act of 2010 and the Indian Law Enforcement Reform Act to provide for advancements in public safety services to Indian communities, and for other purposes$w(OCoLC)1101667924
=810  1\$aUnited States.$bCongress.$bSenate.$tReport ;$v116-37.
=856  40$3PDF version$uhttps://purl.fdlp.gov/GPO/gpo120353
=856  40$3Text version$uhttps://purl.fdlp.gov/GPO/gpo120354
=856  4\$zAddress at time of PURL creation$3PDF version$uhttps://www.govinfo.gov/content/pkg/CRPT-116srpt37/pdf/CRPT-116srpt37.pdf
=856  4\$zAddress at time of PURL creation$3Text version$uhttps://www.govinfo.gov/content/pkg/CRPT-116srpt37/html/CRPT-116srpt37.htm
=856  \\$3(online)$uhttps://catalog.gpo.gov/fdlpdir/locate.jsp?ItemNumber=1008-G&SYS=001098887
=994  \\$aC0$bGPO
=049  \\$aGPOO
=955  \\$abca29 20190517
=955  \\$abca29 20190513$b20190513

