=LDR  02226cam  2200493 i 4500
=001  001098902
=005  20190513141800.0
=006  m\\\\\o\\d\f\\\\\\
=007  cr\|||||||||||
=008  180807s1963\\\\dcuab\\\ob\\\f000\0\eng\c
=035  \\$a(OCoLC)1048000245
=040  \\$aCOP$beng$erda$epn$cCOP$dOCLCO$dOCLCF$dGPO
=042  \\$apcc
=043  \\$an-us-id
=074  \\$a0625 (online)
=086  0\$aI 19.13:1576-D
=100  1\$aWest, S. W.$q(Samuel Wilson),$d1921-$eauthor.
=245  10$aGround water for irrigation in part of the Fort Hall Indian Reservation, Idaho /$cby S.W. West and Chabot Kilburn.
=264  \1$a[Washington, D.C.] :$bUnited States Department of the Interior, Geological Survey,$c1963.
=300  \\$a1 online resource (iv, 33 pages, 3 pages of plates) :$billustrations, maps.
=336  \\$atext$btxt$2rdacontent
=337  \\$acomputer$bc$2rdamedia
=338  \\$aonline resource$bcr$2rdacarrier
=490  1\$aGeological Survey water-supply paper ;$v1576-D
=490  1\$aWater supply of Indian reservations
=500  \\$a"Prepared in cooperation with the U.S. Bureau of Indian Affairs."
=504  \\$aIncludes bibliographical references (pages 33).
=588  \\$aDescription based on online resource, PDF version; title from title page (USGS, viewed Aug. 6, 2018).
=650  \0$aGroundwater$zIdaho$zFort Hall Indian Reservation.
=650  \0$aIrrigation$zIdaho$zFort Hall Indian Reservation.
=650  \7$aGroundwater.$2fast$0(OCoLC)fst00948209
=650  \7$aIrrigation.$2fast$0(OCoLC)fst00979502
=651  \7$aIdaho$zFort Hall Indian Reservation.$2fast$0(OCoLC)fst01266790
=700  1\$aKilburn, Chabot,$d1926-$eauthor.
=710  2\$aGeological Survey (U.S.),$eissuing body.
=710  1\$aUnited States.$bBureau of Indian Affairs.
=830  \0$aGeological Survey water-supply paper ;$v1576-D.
=830  \0$aWater supply of Indian reservations.
=856  40$uhttps://purl.fdlp.gov/GPO/gpo120380
=856  4\$zAddress at time of PURL creation$uhttps://pubs.er.usgs.gov/publication/wsp1576D
=856  \\$3(online)$uhttps://catalog.gpo.gov/fdlpdir/locate.jsp?ItemNumber=0625&SYS=001098902
=994  \\$aC0$bGPO
=049  \\$aXZL4
=955  \\$aCATPART; CSM;$abc88 20190513$b20190513

