=LDR  01874nam  2200421 i 4500
=001  001099134
=005  20190515135248.0
=006  m\\\\\o\\d\f\\\\\\
=007  cr\cn|||||||||
=008  190515s2012\\\\mdu\\\\\o\\\\f000\0\eng\c
=035  \\$a(OCoLC)1101191984
=040  \\$aGPO$beng$erda$epn$cGPO
=042  \\$apcc
=043  \\$an-us---
=074  \\$a0014-A (online)
=086  0\$aA 1.68:2123-4
=245  00$aAPHIS Wildlife Services: controlling wildlife damage on Native American lands.
=246  3\$aAnimal and Plant Health Inspection Service Wildlife Services: controlling wildlife damage on Native American lands
=246  30$aControlling wildlife damage on Native American lands
=264  \1$a[Beltsville, Md.] :$bUnited States Department of Agriculture, Animal and Plant Health Inspection Service,$c2012.
=300  \\$a1 online resource (1 page).
=336  \\$atext$btxt$2rdacontent
=337  \\$acomputer$bc$2rdamedia
=338  \\$aonline resource$bcr$2rdacarrier
=490  1\$aProgram Aid ;$vno. 2123-4
=500  \\$a"Issued September 2012."
=588  \\$aDescription based on online resource, PDF version; title from caption (APHIS, viewed March 1, 2019).
=650  \0$aWildlife management$zUnited States.
=650  \0$aIndians of North America$xAgriculture$zUnited States.
=610  20$aWildlife Services (U.S.)
=710  1\$aUnited States.$bAnimal and Plant Health Inspection Service,$eissuing body.
=830  \0$aProgram aid (United States. Department of Agriculture) ;$vno. 2123-4.
=856  40$uhttps://purl.fdlp.gov/GPO/gpo120056
=856  4\$zAddress at time of PURL creation$uhttps://www.aphis.usda.gov/publications/wildlife_damage/2012/ws_controlling_damage.pdf
=856  \\$3(online)$uhttps://catalog.gpo.gov/fdlpdir/locate.jsp?ItemNumber=0014-A&SYS=001099134
=994  \\$aC0$bGPO
=049  \\$aXZL4
=955  \\$abc53 20190515$b20190515

