=LDR  02569cam  2200505 i 4500
=001  001099283
=005  20190522125947.0
=006  m\\\\\o\\d\f\\\\\\
=007  cr\|||||||||||
=008  190517s2019\\\\dcu\\\\\ob\\\f000\0\eng\c
=035  \\$a(OCoLC)1101622601
=040  \\$aGPO$beng$erda$epn$cGPO$dGPO
=042  \\$apcc
=043  \\$an-us---
=050  \4$aKF31$b.I45 2019j
=074  \\$a1008-G (online)
=086  0\$aY 1.1/5:116-40
=110  1\$aUnited States.$bCongress.$bSenate.$bCommittee on Indian Affairs,$eauthor.
=245  14$aThe Victim of Crime Act of 1984 to secure urgent resources vital to Indian victims of crime, and for other purposes :$breport (to accompany S. 211) (including cost estimate of the Congressional Budget Office).
=264  \1$a[Washington, D.C.] :$b[U.S. Government Publishing Office],$c[2019]
=300  \\$a1 online resource (6 pages).
=336  \\$atext$btxt$2rdacontent
=337  \\$acomputer$bc$2rdamedia
=338  \\$aonline resource$bcr$2rdacarrier
=490  1\$aReport / 116th Congress, 1st session, Senate ;$v116-40
=588  \\$aDescription based on online resource; title from PDF title screen (govinfo web site, viewed on May 17, 2019).
=500  \\$a"May 13, 2019."
=504  \\$aIncludes bibliographical references.
=610  10$aUnited States.$tVictims of Crime Act of 1984.
=650  \0$aIndians of North America$xCrimes against$zUnited States.
=650  \0$aVictims of crimes$xLegal status, laws, etc.$zUnited States.
=650  \0$aIndians of North America$xLegal status, laws, etc.
=650  \0$aVictims of crimes$xServices for$zUnited States.
=655  \7$aLegislative materials.$2lcgft
=776  08$iPrint version:$aUnited States. Congress. Senate. Committee on Indian Affairs.$tThe Victim of Crime Act of 1984 to secure urgent resources vital to Indian victims of crime, and for other purposes$w(OCoLC)1102057585
=810  1\$aUnited States.$bCongress.$bSenate.$tReport ;$v116-40.
=856  40$3PDF version$uhttps://purl.fdlp.gov/GPO/gpo120579
=856  40$3Text version$uhttps://purl.fdlp.gov/GPO/gpo120580
=856  4\$zAddress at time of PURL creation$3PDF version$uhttps://www.govinfo.gov/content/pkg/CRPT-116srpt40/pdf/CRPT-116srpt40.pdf
=856  4\$zAddress at time of PURL creation$3Text version$uhttps://www.govinfo.gov/content/pkg/CRPT-116srpt40/html/CRPT-116srpt40.htm
=856  \\$3(online)$uhttps://catalog.gpo.gov/fdlpdir/locate.jsp?ItemNumber=1008-G&SYS=001099283
=994  \\$aC0$bGPO
=049  \\$aGPOO
=955  \\$abca29 20190522
=955  \\$abca29 20190517$b20190517

