=LDR  02720cam  2200493 i 4500
=001  001099391
=005  20190604141121.0
=006  m\\\\\o\\d\f\\\\\\
=007  cr\|||||||||||
=008  190520s2019\\\\dcu\\\\\ob\\\f000\0\eng\c
=035  \\$a(OCoLC)1101905102
=040  \\$aGPO$beng$erda$epn$cGPO$dGPO
=042  \\$apcc
=043  \\$an-us---
=050  \4$aKF27$b.I52817 2019a
=074  \\$a1023-C (online)
=086  0\$aY 4.R 31/3:116-8
=088  \\$aSerial no. 116-8 (United States. Congress. House. Committee on Natural Resources)
=110  1\$aUnited States.$bCongress.$bHouse.$bCommittee on Natural Resources.$bSubcommittee on Indigenous Peoples of the United States,$eauthor.
=245  10$aUnmasking the hidden crisis of murdered and missing indigenous women (MMIW) :$bexploring solutions to end the cycle of violence : oversight hearing before the Subcommittee on Indigenous Peoples of the United States of the Committee on Natural Resources, U.S. House of Representatives, One Hundred Sixteenth Congress, first session, Thursday, March 14, 2019.
=264  \1$aWashington :$bU.S. Government Publishing Office,$c2019.
=300  \\$a1 online resource (iii, 56 pages)
=336  \\$atext$btxt$2rdacontent
=337  \\$acomputer$bc$2rdamedia
=338  \\$aonline resource$bcr$2rdacarrier
=588  \\$aDescription based on online resource; title from PDF title screen (govinfo, viewed on May 20, 2019).
=504  \\$aIncludes bibliographical references.
=500  \\$a"Serial no. 116-8."
=650  \0$aIndigenous women$xViolence against$zUnited States.
=650  \0$aIndian women$xViolence against$zUnited States.
=650  \0$aMissing persons$zUnited States.
=650  \0$aMurder victims$zUnited States.
=650  \0$aIndigenous women$xViolence against$zUnited States$xPrevention.
=655  \7$aLegislative hearings.$2lcgft
=776  08$iPrint version:$aUnited States. Congress. House. Committee on Natural Resources. Subcommittee on Indigenous Peoples of the United States.$tUnmasking the hidden crisis of murdered and missing indigenous women (MMIW)$w(OCoLC)1103445267
=856  40$3PDF version$uhttps://purl.fdlp.gov/GPO/gpo120690
=856  40$3Text version$uhttps://purl.fdlp.gov/GPO/gpo120691
=856  4\$zAddress at time of PURL creation$3PDF version$uhttps://www.govinfo.gov/content/pkg/CHRG-116hhrg35582/pdf/CHRG-116hhrg35582.pdf
=856  4\$zAddress at time of PURL creation$3Text version$uhttps://www.govinfo.gov/content/pkg/CHRG-116hhrg35582/html/CHRG-116hhrg35582.htm
=856  \\$3(online)$uhttps://catalog.gpo.gov/fdlpdir/locate.jsp?ItemNumber=1023-C&SYS=001099391
=994  \\$aC0$bGPO
=049  \\$aGPOO
=955  \\$abca29 20190604
=955  \\$abca29 20190520$b20190520

