=LDR  02236nai  2200493 i 4500
=001  001099477
=005  20190521160230.0
=006  m\\\\\o\\d\f\\\\\\
=007  cr\mn|||||||||
=008  190521c20189999dcu\x\w\o\b\\f0\\\\2eng\c
=010  \\$a2019231119
=035  \\$a(OCoLC)1101991070
=040  \\$aGPO$beng$erda$epn$cGPO
=042  \\$apcc
=043  \\$an-us---
=074  \\$a0807-A-07 (online)
=086  0\$aLC 14.23:R 43307/
=100  1\$aJones, K. E.$q(Katie E.),$eauthor.
=245  14$aThe Native American Housing Assistance and Self-Determination Act of 1996 (NAHASDA): background and funding /$cKatie Jones.
=250  \\$a[Library of Congress public edition].
=264  \1$a[Washington, D.C.] :$bCongressional Research Service,$c[2018?]-
=300  \\$a1 online resource.
=310  \\$aUpdated irregularly
=336  \\$atext$btxt$2rdacontent
=337  \\$acomputer$bc$2rdamedia
=338  \\$aonline resource$bcr$2rdacarrier
=490  1\$aReport / Congressional Research Service ;$vR43307
=500  \\$aThe CRS report home page provides access to all versions published since 2018 in accordance with P.L. 115-141; earliest version dated [2015].
=504  \\$aReport includes bibliographical references.
=588  \\$aDescription based on on contents viewed on May 21, 2019; title from CRS report home page.
=610  10$aUnited States.$bDepartment of Housing and Urban Development.
=650  \0$aIndians of North America$xHousing$xLaw and legislation.
=650  \0$aHousing authorities$xLaw and legislation$zUnited States.
=650  \0$aSelf-determination, National$zUnited States.
=710  2\$aLibrary of Congress.$bCongressional Research Service,$eissuing body.
=773  08$iContained in (work):$tCRS reports (Library of Congress. Congressional Research Service)$w(DLC) 2018231131$w(OCoLC)1052784408
=830  \0$aCRS report ;$vR43307.
=856  40$uhttps://purl.fdlp.gov/GPO/gpo120789
=856  4\$zAddress at time of PURL creation$uhttps://crsreports.congress.gov/product/details?prodcode=R43307
=856  \\$3(online)$uhttps://catalog.gpo.gov/fdlpdir/locate.jsp?ItemNumber=0807-A-07&SYS=001099477
=994  \\$aC0$bGPO
=049  \\$aXZLA
=922  \\$aCRSREP
=955  \\$abc76 20190521$b20190521

