=LDR  01967nam  2200445Ii 4500
=001  001099618
=005  20190523154711.0
=006  m\\\\\o\\d\f\\\\\\
=007  cr\mn|||||||||
=008  190523s2018\\\\caua\\\\ob\\\f000\0\eng\d
=035  \\$a(OCoLC)1102362113
=040  \\$aGPO$beng$erda$epn$cGPO
=043  \\$an-us---
=074  \\$a0968-H-01 (online)
=086  0\$aJ 26.2:T 73
=100  1\$aGarrow, Carrie E.,$d1969-$eauthor.
=245  10$aTribal healing to wellness courts: case management /$cprimary authors, Carrie Garrow (Akwesasne Mohawk), Kori Cordero (White Mountain Apache), Lauren van Schilfgaarde (Cochiti Pueblo).
=264  \1$aWest Hollywood, CA :$bTribal Law and Policy Institute ;$a[Washington, D.C.] :$b[Bureau of Justice Assistance],$c2018.
=300  \\$a1 online resource (53 pages) :$bcolor illustrations
=336  \\$atext$btxt$2rdacontent
=337  \\$acomputer$bc$2rdamedia
=338  \\$aonline resource$bcr$2rdacarrier
=500  \\$a"May 2018."
=504  \\$aIncludes bibliographical references.
=536  \\$aAwarded by the Bureau of Justice Assistance$c2016-DC-BX-K006
=588  \\$aDescription based on online resource; title from PDF title page (wellnesscourts, May 23, 2019).
=650  \0$aIndian courts.
=650  \0$aSubstance abuse$xTreatment$zUnited States.
=650  \0$aIndians of North America$xHealth and hygiene.
=650  \0$aHealth promotion$zUnited States.
=700  1\$aCordero, Kori,$eauthor.
=700  1\$aSchilfgaarde, Lauren van,$eauthor.
=710  2\$aTribal Law and Policy Institute,$eissuing body.
=710  1\$aUnited States.$bBureau of Justice Assistance.
=856  40$uhttps://purl.fdlp.gov/GPO/gpo120933
=856  4\$zAddress at time of PURL creation$uhttp://wellnesscourts.org/files/HTWC%20Case%20Management.pdf
=856  \\$3(online)$uhttps://catalog.gpo.gov/fdlpdir/locate.jsp?ItemNumber=0968-H-01&SYS=001099618
=994  \\$aC0$bGPO
=049  \\$aXZL4
=955  \\$abca59 20190523$b20190523

