=LDR  01799nam  2200409Ii 4500
=001  001099731
=005  20190528104954.0
=006  m\\\\\o\\d\f\\\\\\
=007  cr\mn|||||||||
=008  190528s2019\\\\caua\\\\o\\\\f000\0\eng\d
=035  \\$a(OCoLC)1102594166
=040  \\$aGPO$beng$erda$epn$cGPO
=043  \\$an-us---
=074  \\$a0968-H-01 (online)
=086  0\$aJ 26.2:C 88
=100  1\$aThorne, William,$eauthor.
=245  10$aCrossing the bridge :$btribal-state-local collaboration /$cWilliam Thorne and Suzanne Garcia.
=246  30$aTribal-state-local collaboration
=264  \1$a[West Hollywood, Calif.] :$bTribal Law and Policy Institute ;$a[Washington, D.C.] :$b[Bureau of Justice Assistance],$c2019.
=300  \\$a1 online resource (29 pages) :$bcolor illustrations
=336  \\$atext$btxt$2rdacontent
=337  \\$acomputer$bc$2rdamedia
=338  \\$aonline resource$bcr$2rdacarrier
=500  \\$a"February 2019."
=536  \\$aAwarded by the Bureau of Justice Assistance$c2016-IC-BX-K001
=588  \\$aDescription based on online resource; title from PDF caption (Bureau of Justice Assistance website, viewed May 28, 2019).
=650  \0$aIndians of North America$xGovernment relations.
=650  \0$aIndians of North America$xServices for.
=700  1\$aGarcia, Suzanne,$eauthor.
=710  2\$aTribal Law and Policy Institute,$eissuing body.
=710  1\$aUnited States.$bBureau of Justice Assistance.
=856  40$uhttps://purl.fdlp.gov/GPO/gpo121015
=856  4\$zAddress at time of PURL creation$uhttps://www.bja.gov/Publications/crossing-the-bridge-tribal-state-local-collaboration.pdf
=856  \\$3(online)$uhttps://catalog.gpo.gov/fdlpdir/locate.jsp?ItemNumber=0968-H-01&SYS=001099731
=994  \\$aC0$bGPO
=049  \\$aXZL4
=955  \\$abca59 20190528$b20190528

