=LDR  02387cam  2200457 i 4500
=001  001099739
=005  20190604140006.0
=006  m\\\\\o\\d\f\\\\\\
=007  cr\|||||||||||
=008  190528s2019\\\\dcua\\\\ob\\\f000\0\eng\c
=035  \\$a(OCoLC)1102594649
=040  \\$aGPO$beng$erda$epn$cGPO$dSEN$dGPO
=042  \\$apcc
=043  \\$an-us---
=050  \4$aKF26$b.I45 2019
=074  \\$a1009-D-05 (online)
=086  0\$aY 4.IN 2/11:S.HRG.116-14
=110  1\$aUnited States.$bCongress.$bSenate.$bCommittee on Indian Affairs (1993- ),$eauthor.
=245  10$a45th anniversary of the Native American Programs Act and the establishment of the Administration for Native Americans :$bhearing before the Committee on Indian Affairs, United States Senate, One Hundred Sixteenth Congress, first session, February 27, 2019.
=246  3\$aForty-fifth anniversary of the Native American Programs Act and the establishment of the Administration for Native Americans
=264  \1$aWashington :$bU.S. Government Publishing Office,$c2019.
=300  \\$a1 online resource (iii, 48 pages) :$billustrations.
=336  \\$atext$btxt$2rdacontent
=337  \\$acomputer$bc$2rdamedia
=338  \\$aonline resource$bcr$2rdacarrier
=490  1\$aS. hrg. ;$v116-14
=588  \\$aDescription based on online resource; title from PDF title screen (govinfo web site, viewed on May 28, 2019).
=504  \\$aIncludes bibliographical references.
=610  10$aUnited States.$tNative American Programs Act of 1974.
=610  10$aUnited States.$bAdministration for Native Americans$xAnniversaries, etc.
=650  \0$aFederal aid to Indians$zUnited States.
=655  \7$aLegislative hearings.$2lcgft
=776  08$iPrint version:$aUnited States. Congress. Senate. Committee on Indian Affairs (1993- ).$t45th anniversary of the Native American Programs Act and the establishment of the Administration for Native Americans$w(OCoLC)1102637036
=810  1\$aUnited States.$bCongress.$bSenate.$tS. hrg. ;$v116-14.
=856  40$uhttps://purl.fdlp.gov/GPO/gpo120992
=856  4\$zAddress at time of PURL creation$uhttps://www.govinfo.gov/content/pkg/CHRG-116shrg36242/pdf/CHRG-116shrg36242.pdf
=856  \\$3(online)$uhttps://catalog.gpo.gov/fdlpdir/locate.jsp?ItemNumber=1009-D-05&SYS=001099739
=994  \\$aC0$bGPO
=049  \\$aGPOO
=955  \\$abca29 20190604
=955  \\$abca29 20190528$b20190528

