=LDR  01952nam  2200457 i 4500
=001  001099747
=005  20190528114101.0
=006  m\\\\\o\\d\f\\\\\\
=007  cr\|||||||||||
=008  190528s2018\\\\dcua\\\\ob\\\f000\0\eng\c
=035  \\$a(OCoLC)1102595100
=040  \\$aGPO$beng$erda$epn$cGPO
=042  \\$apcc
=043  \\$an-us---
=074  \\$a0546-D (online)
=086  0\$aGA 1.13:GAO-18-309
=088  \\$aGAO-18-309
=110  1\$aUnited States.$bGovernment Accountability Office,$eauthor.
=245  10$aDrinking water and waste water infrastructure :$bopportunities exist to enhance federal agency needs assessment and coordination on tribal projects : report to congressional requesters.
=246  17$aIndian water infrastructure
=264  \1$a[Washington, D.C.] :$bUnited States Government Accountability Office,$c2018.
=300  \\$a1 online resource (iii, 94 pages) :$bcolor illustrations
=336  \\$atext$btxt$2rdacontent
=337  \\$acomputer$bc$2rdamedia
=338  \\$aonline resource$bcr$2rdacarrier
=500  \\$a"May 2018."
=500  \\$a"GAO-18-309."
=504  \\$aIncludes bibliographical references.
=588  \\$aDescription based on online resource, PDF version; title from cover (GAO, viewed May 25, 2019).
=610  10$aUnited States.$bIndian Health Service$xRules and practice.
=650  \0$aDrinking water$xContamination$zUnited States.
=650  \0$aSewage$xEnvironmental aspects$zUnited States.
=650  \0$aIndians of North America$xGovernment relations.
=650  \0$aAlaska Natives$xGovernment relations.
=650  \0$aFederal aid to water quality management$zUnited States.
=856  40$uhttps://purl.fdlp.gov/GPO/gpo120974
=856  4\$zAddress at time of PURL creation$uhttps://www.gao.gov/assets/700/691757.pdf
=856  \\$3(online)$uhttps://catalog.gpo.gov/fdlpdir/locate.jsp?ItemNumber=0546-D&SYS=001099747
=994  \\$aC0$bGPO
=049  \\$aXZL4
=955  \\$abc72 20190528$b20190528

