=LDR  02624cam  2200493 i 4500
=001  001099801
=005  20190627081608.0
=006  m\\\\\o\\d\f\\\\\\
=007  cr\|||||||||||
=008  190528s2019\\\\dcua\\\\ob\\\f000\0\eng\c
=035  \\$a(OCoLC)1102601768
=040  \\$aGPO$beng$erda$epn$cGPO$dGPO
=042  \\$apcc
=043  \\$an-us-ak
=050  \4$aKF27$b.I519 2019
=074  \\$a1023-C (online)
=086  0\$aY 4.R 31/3:116-9
=088  \\$aSerial no. 116-9 (United States. Congress. House. Committee on Natural Resources)
=110  1\$aUnited States.$bCongress.$bHouse.$bCommittee on Natural Resources.$bSubcommittee on Energy and Mineral Resources,$eauthor.
=245  10$aH.R. 1146 :$bArctic Cultural and Coastal Plain Protection Act : legislative hearing before the Subcommittee on Energy and Mineral Resources of the Committee on Natural Resources, U.S. House of Representatives, One Hundred Sixteenth Congress, first session, Tuesday, March 26, 2019.
=246  30$aArctic Cultural and Coastal Plain Protection Act
=264  \1$aWashington :$bU.S. Government Publishing Office,$c2019.
=300  \\$a1 online resource (iv, 105 pages) :$bcolor illustrations
=336  \\$atext$btxt$2rdacontent
=337  \\$acomputer$bc$2rdamedia
=338  \\$aonline resource$bcr$2rdacarrier
=588  \\$aDescription based on online resource; title from PDF title screen (govinfo web site, viewed on May 28, 2019).
=504  \\$aIncludes bibliographical references.
=500  \\$a"Serial no. 116-9."
=650  \0$aPetroleum$xProspecting$xEnvironmental aspects$zAlaska$zArctic National Wildlife Refuge.
=650  \0$aNatural gas$xProspecting$xEnvironmental aspects$zAlaska$zArctic National Wildlife Refuge.
=650  \0$aCaribou$zAlaska$zArctic National Wildlife Refuge.
=650  \0$aIndigenous peoples$xEcology$zAlaska$zArctic National Wildlife Refuge.
=650  \0$aAlaska Natives$xSocial life and customs.
=650  \0$aWilderness areas$xLaw and legislation$zAlaska$zArctic National Wildlife Refuge.
=655  \7$aLegislative hearings.$2lcgft
=776  08$iPrint version:$aUnited States. Congress. House. Committee on Natural Resources. Subcommittee on Energy and Mineral Resources.$tH.R. 1146$w(OCoLC)1105926189
=856  40$uhttps://purl.fdlp.gov/GPO/gpo121042
=856  4\$zAddress at time of PURL creation$uhttps://www.govinfo.gov/content/pkg/CHRG-116hhrg35816/pdf/CHRG-116hhrg35816.pdf
=856  \\$3(online)$uhttps://catalog.gpo.gov/fdlpdir/locate.jsp?ItemNumber=1023-C&SYS=001099801
=994  \\$aC0$bGPO
=049  \\$aGPOO
=955  \\$abca29 20190627
=955  \\$abca29 20190528$b20190528

