=LDR  02492cam  2200505 i 4500
=001  001099806
=005  20190610125458.0
=006  m\\\\\o\\d\f\\\\\\
=007  cr\|||||||||||
=008  190528s2019\\\\dcu\\\\\ob\\\f000\0\eng\c
=035  \\$a(OCoLC)1102601935
=040  \\$aGPO$beng$erda$epn$cGPO$dGPO
=042  \\$apcc
=043  \\$an-us---
=050  \4$aKF26$b.I45 2019a
=074  \\$a1009-D-05 (online)
=086  0\$aY 4.IN 2/11:S.HRG.116-15
=110  1\$aUnited States.$bCongress.$bSenate.$bCommittee on Indian Affairs,$eauthor.
=245  10$aEnhancing tribal self-governance and safety of Indian roads :$bhearing before the Committee on Indian Affairs, United States Senate, One Hundred Sixteenth Congress, first session, April 3, 2019.
=264  \1$aWashington :$bU.S. Government Publishing Office,$c2019.
=300  \\$a1 online resource (iii, 46 pages).
=336  \\$atext$btxt$2rdacontent
=337  \\$acomputer$bc$2rdamedia
=338  \\$aonline resource$bcr$2rdacarrier
=490  1\$aS. hrg. ;$v116-15
=588  \\$aDescription based on online resource; title from PDF title screen (govinfo web site, viewed on May 28, 2019).
=504  \\$aIncludes bibliographical references.
=650  \0$aIndian roads$zUnited States$xSafety measures.
=650  \0$aIndian roads$zUnited States$xMaintenance and repair.
=650  \0$aIndians of North America$xTransportation$xSafety measures.
=650  \0$aTribal government$zUnited States.
=650  \0$aIndians of North America$xGovernment relations.
=650  \0$aFederal aid to transportation$zUnited States.
=655  \7$aLegislative hearings.$2lcgft
=776  08$iPrint version:$aUnited States. Congress. Senate. Committee on Indian Affairs.$tEnhancing tribal self-governance and safety of Indian roads$w(OCoLC)1103372326
=810  1\$aUnited States.$bCongress.$bSenate.$tS. hrg. ;$v116-15.
=856  40$3PDF version$uhttps://purl.fdlp.gov/GPO/gpo121048
=856  40$3Text version$uhttps://purl.fdlp.gov/GPO/gpo121049
=856  4\$zAddress at time of PURL creation$3PDF version$uhttps://www.govinfo.gov/content/pkg/CHRG-116shrg36243/pdf/CHRG-116shrg36243.pdf
=856  4\$zAddress at time of PURL creation$3Text version$uhttps://www.govinfo.gov/content/pkg/CHRG-116shrg36243/html/CHRG-116shrg36243.htm
=856  \\$3(online)$uhttps://catalog.gpo.gov/fdlpdir/locate.jsp?ItemNumber=1009-D-05&SYS=001099806
=994  \\$aC0$bGPO
=049  \\$aGPOO
=955  \\$abca29 20190610
=955  \\$abca29 20190528$b20190528

