=LDR  02591cam  2200493 i 4500
=001  001100781
=005  20190619130953.0
=006  m\\\\\o\\d\f\\\\\\
=007  cr\|||||||||||
=008  190612s2019\\\\dcu\\\\\ob\\\f000\0\eng\c
=035  \\$a(OCoLC)1104294785
=040  \\$aGPO$beng$erda$epn$cGPO$dGPO
=042  \\$apcc
=043  \\$an-us-or
=050  \4$aKF31$b.I45 2019k
=074  \\$a1008-G (online)
=086  0\$aY 1.1/5:116-45
=110  1\$aUnited States.$bCongress.$bSenate.$bCommittee on Indian Affairs,$eauthor.
=245  10$aTo nullify the Supplemental Treaty Between the United States of America and the Confederated Tribes and Bands of Indians of Middle Oregon, concluded on November 15, 1865 :$breport (to accompany S. 832) (including cost estimate of the Congressional Budget Office).
=264  \1$a[Washington, D.C.] :$b[U.S. Government Publishing Office],$c[2019]
=300  \\$a1 online resource (4 pages).
=336  \\$atext$btxt$2rdacontent
=337  \\$acomputer$bc$2rdamedia
=338  \\$aonline resource$bcr$2rdacarrier
=490  1\$aReport / 116th Congress, 1st session, Senate ;$v116-45
=588  \\$aDescription based on online resource; title from PDF title screen (govinfo web site, viewed on June 12, 2019).
=500  \\$a"June 10, 2019."
=504  \\$aIncludes bibliographical references.
=650  \0$aIndians of North America$zOregon$xTreaties.
=650  \0$aIndians of North America$xFishing$zOregon.
=650  \0$aIndians of North America$xHunting$zOregon.
=650  \0$aIndians of North America$xLegal status, laws, etc.$zOregon.
=655  \7$aLegislative materials.$2lcgft
=776  08$iPrint version:$aUnited States. Congress. Senate. Committee on Indian Affairs.$tTo nullify the Supplemental Treaty Between the United States of America and the Confederated Tribes and Bands of Indians of Middle Oregon, concluded on November 15, 1865$w(OCoLC)1105039630
=810  1\$aUnited States.$bCongress.$bSenate.$tReport ;$v116-45.
=856  40$3PDF version$uhttps://purl.fdlp.gov/GPO/gpo121750
=856  40$3Text version$uhttps://purl.fdlp.gov/GPO/gpo121751
=856  4\$zAddress at time of PURL creation$3PDF version$uhttps://www.govinfo.gov/content/pkg/CRPT-116srpt45/pdf/CRPT-116srpt45.pdf
=856  4\$zAddress at time of PURL creation$3Text version$uhttps://www.govinfo.gov/content/pkg/CRPT-116srpt45/html/CRPT-116srpt45.htm
=856  \\$3(online)$uhttps://catalog.gpo.gov/fdlpdir/locate.jsp?ItemNumber=1008-G&SYS=001100781
=994  \\$aC0$bGPO
=049  \\$aGPOO
=955  \\$abca29 20190619
=955  \\$abca29 20190612$b20190612

