=LDR  02172cam  2200469 i 4500
=001  001100786
=005  20190619110106.0
=006  m\\\\\o\\d\f\\\\\\
=007  cr\|||||||||||
=008  190612s2018\\\\dcu\\\\\ol\\\f000\0\eng\c
=035  \\$a(OCoLC)1104295832
=040  \\$aGPO$beng$erda$epn$cGPO$dGPO
=042  \\$apcc
=043  \\$an-us---
=074  \\$a0575-A-02 (online)
=086  0\$aAE 2.110:115-304
=088  \\$aPublic Law 115-304
=110  1\$aUnited States,$eenacting jurisdiction.
=245  13$aAn Act to Repeal Section 2141 of the Revised Statutes to Remove the Prohibition on Certain Alcohol Manufacturing on Indian lands.
=264  \1$a[Washington, D.C.] :$b[U.S. Government Publishing Office],$c[2018]
=300  \\$a1 online resource ([1] leaf)
=336  \\$atext$btxt$2rdacontent
=337  \\$acomputer$bc$2rdamedia
=338  \\$aonline resource$bcr$2rdacarrier
=588  \\$aDescription based on online resource; title from PDF title screen (govinfo web site, viewed on June 12, 2019).
=500  \\$a"Dec. 11, 2018 (H.R. 5317)."
=500  \\$a"132 Stat. 4401."
=500  \\$a"Public Law 115-304."
=650  \0$aDistilleries$xLaw and legislation$zUnited States.
=650  \0$aAlcohol$xLaw and legislation$zUnited States.
=650  \0$aIndians of North America$xLegal status, laws, etc.
=655  \7$aStatutes and codes.$2lcgft
=776  08$iPrint version:$aUnited States.$tAct to Repeal Section 2141 of the Revised Statutes to Remove the Prohibition on Certain Alcohol Manufacturing on Indian lands$w(OCoLC)1105038905
=856  40$3PDF version$uhttps://purl.fdlp.gov/GPO/gpo121710
=856  40$3Text version$uhttps://purl.fdlp.gov/GPO/gpo121711
=856  4\$zAddress at time of PURL creation$3PDF version$uhttps://www.govinfo.gov/content/pkg/PLAW-115publ304/pdf/PLAW-115publ304.pdf
=856  4\$zAddress at time of PURL creation$3Text version$uhttps://www.govinfo.gov/content/pkg/PLAW-115publ304/html/PLAW-115publ304.htm
=856  \\$3(online)$uhttps://catalog.gpo.gov/fdlpdir/locate.jsp?ItemNumber=0575-A-02&SYS=001100786
=994  \\$aC0$bGPO
=049  \\$aGPOO
=955  \\$abca29 20190619
=955  \\$abca29 20190612$b20190612

