=LDR  03268cam  2200481 i 4500
=001  001100852
=005  20190613105926.0
=006  m\\\\\o\\d\f\\\\\\
=007  cr\|||||||||||
=008  130713s2001\\\\dcub\\\\o\\\\f000\0\eng\c
=019  \\$a654404170$a654798116$a760069111$a1071387908
=035  \\$a(OCoLC)852760139$z(OCoLC)654404170$z(OCoLC)654798116$z(OCoLC)760069111$z(OCoLC)1071387908
=040  \\$aOCLCE$beng$erda$epn$cOCLCE$dOCLCO$dOCLCQ$dOCLCF$dOCLCO$dCWCLL$dNJR$dOCLCQ$dUWO$dOCLCQ$dYOR$dGPO
=042  \\$adlr$apcc
=043  \\$an-us---
=074  \\$a1023-A (online)
=086  0\$aY 4.R 31/3:106-95
=088  \\$aSerial no. 106-95 (United States. Congress. House. Committee on Resources)
=110  1\$aUnited States.$bCongress.$bHouse.$bCommittee on Resources,$eauthor.
=245  10$aH.R. 946, H.R. 2671, and H.R. 4148 (Young, R-AK)--to make technical amendments to the provisions of the Indian Self-Determination and Education Assistance Act relating to contract support costs, and for other purposes.$b"Tribal Contract Support Cost Technical Amendments of 2000" : oversight hearing before the Committee on Resources, House of Representatives ; One Hundred Sixth Congress, second session ; May 16, 2000 ; Washington, DC.
=246  3\$aHR 946, HR 2671, and H.R. 4148 (Young, R-AK)
=246  3\$aTribal Contract Support Cost Technical Amendments of 2000
=264  \1$aWashington :$bU.S. Government Printing Office,$c2001.
=300  \\$a1 online resource (iii, 116 pages) :$bmap
=336  \\$atext$btxt$2rdacontent
=337  \\$acomputer$bc$2rdamedia
=338  \\$aonline resource$bcr$2rdacarrier
=588  \\$aDescription based on online resource; title from PDF title screen (govinfo web site, viewed on June 13, 2019).
=500  \\$a"Serial no. 106-95."
=650  \0$aIndians of North America$xFinance$xLaw and legislation.
=650  \0$aFederal aid to Indians$zUnited States.
=650  \0$aContracting out$zUnited States.
=655  \7$aLegislative hearings.$2lcgft
=776  08$iPrint version:$aUnited States. Congress. House. Committee on Resources.$tH.R. 946, H.R. 2671, and H.R. 4148 (Young, R-AK)--to make technical amendments to the provisions of the Indian Self-Determination and Education Assistance Act relating to contract support costs, and for other purposes$w(DLC) 2001344711$w(OCoLC)46866144
=776  08$iMicrofiche version:$aUnited States. Congress. House. Committee on Resources.$tH.R. 946, H.R. 2671, and H.R. 4148 (Young, R-AK)--to make technical amendments to the provisions of the Indian Self-Determination and Education Assistance Act relating to contract support costs, and for other purposes$w(OCoLC)47791798
=856  4\$3PDF version:$uhttp://purl.access.gpo.gov/GPO/LPS11722
=856  4\$3Text version:$uhttp://purl.access.gpo.gov/GPO/LPS11721
=856  4\$zAddress at time of PURL creation$3PDF version$uhttps://www.govinfo.gov/content/pkg/CHRG-106hhrg68434/pdf/CHRG-106hhrg68434.pdf
=856  4\$zAddress at time of PURL creation$3Text version$uhttps://www.govinfo.gov/content/pkg/CHRG-106hhrg68434/html/CHRG-106hhrg68434.htm
=856  \\$3(online)$uhttps://catalog.gpo.gov/fdlpdir/locate.jsp?ItemNumber=1023-A&SYS=001100852
=994  \\$aC0$bGPO
=049  \\$aXZL4
=955  \\$abca29 20190613$b20190613

