=LDR  03188cam  2200481 i 4500
=001  001100856
=005  20190613111449.0
=006  m\\\\\o\\d\f\\\\\\
=007  cr\|||||||||||
=008  100809s2000\\\\dcu\\\\\o\\\\f000\0\eng\c
=019  \\$a654936070$a760046488
=035  \\$a(OCoLC)654616977$z(OCoLC)654936070$z(OCoLC)760046488
=040  \\$aOCLCE$beng$erda$epn$cOCLCE$dOCLCQ$dOCLCF$dOCLCO$dSEA$dCWCLL$dOCLCA$dNJR$dBUF$dOCLCQ$dYOR$dGPO
=042  \\$apcc
=043  \\$an-us-co
=050  \4$aKF27$b.R3888 2000
=074  \\$a1023-A (online)
=086  0\$aY 4.R 31/3:106-92
=088  \\$aSerial no. 106-92 (United States. Congress. House. Committee on Resources)
=110  1\$aUnited States.$bCongress.$bHouse.$bCommittee on Resources.$bSubcommittee on Water and Power,$eauthor.
=245  10$aH.R. 3112, to amend the Colorado Ute Indian Water Rights Settlement Act to provide for a final settlement of the claims of the Colorado Ute Indian tribes, and for other purposes :$bhearing before the Subcommittee on Water and Power of the Committee on Resources, House of Representatives; One Hundred Sixth Congress, second session; May 11, 2000; Washington, DC.
=246  30$aTo amend the Colorado Ute Indian Water Rights Settlement Act to provide for a final settlement of the claims of the Colorado Ute Indian tribes, and for other purposes
=264  \1$aWashington :$bU.S. Government Printing Office,$c2000.
=300  \\$a1 online resource (iii, 68 pages)
=336  \\$atext$btxt$2rdacontent
=337  \\$acomputer$bc$2rdamedia
=338  \\$aonline resource$bcr$2rdacarrier
=588  \\$aDescription based on online resource; title from PDF title screen (govinfo web site, viewed on June 13, 2019).
=500  \\$a"Serial no. 106-92."
=650  \0$aUte Indians$zColorado$xClaims.
=650  \0$aWater rights$zColorado.
=650  \0$aIndians of North America$zColorado$xClaims.
=655  \7$aLegislative hearings.$2lcgft
=776  08$iPrint version:$aUnited States. Congress. House. Committee on Resources. Subcommittee on Water and Power.$tH.R. 3112, to amend the Colorado Ute Indian Water Rights Settlement Act to provide for a final settlement of the claims of the Colorado Ute Indian tribes, and for other purposes$w(DLC) 2001337419$w(OCoLC)45910038
=776  08$iMicrofiche version:$aUnited States. Congress. House. Committee on Resources. Subcommittee on Water and Power.$tH.R. 3112, to amend the Colorado Ute Indian Water Rights Settlement Act to provide for a final settlement of the claims of the Colorado Ute Indian tribes, and for other purposes$w(OCoLC)46872700
=856  40$3PDF version$uhttp://purl.access.gpo.gov/GPO/LPS9051
=856  40$3Text version$uhttp://purl.access.gpo.gov/GPO/LPS9181
=856  4\$zAddress at time of PURL creation$3PDF version$uhttps://www.govinfo.gov/content/pkg/CHRG-106hhrg67697/pdf/CHRG-106hhrg67697.pdf
=856  4\$zAddress at time of PURL creation$3Text version$uhttps://www.govinfo.gov/content/pkg/CHRG-106hhrg67697/html/CHRG-106hhrg67697.htm
=856  \\$3(online)$uhttps://catalog.gpo.gov/fdlpdir/locate.jsp?ItemNumber=1023-A&SYS=001100856
=994  \\$aC0$bGPO
=049  \\$aXZL4
=955  \\$abca29 20190613$b20190613

