=LDR  02985cam  2200469 i 4500
=001  001101269
=005  20190620143504.0
=006  m\\\\\o\\d\f\\\\\\
=007  cr\|||||||||||
=008  101115s1999\\\\dcuab\\\o\\\\f000\0\eng\c
=019  \\$a654771476$a657297702$a1069661170
=035  \\$a(OCoLC)681520116$z(OCoLC)654771476$z(OCoLC)657297702$z(OCoLC)1069661170
=040  \\$aOCLCE$beng$erda$epn$cOCLCE$dOCLCQ$dOCLCF$dOCLCQ$dOCLCO$dCWCLL$dOCL$dNJR$dVT2$dOCLCQ$dOCLCA$dUWO$dOCLCQ$dOCLCO$dYOR$dGPO
=042  \\$adlr$apcc
=043  \\$an-us-ak
=074  \\$a1023-A (online)
=086  0\$aY 4.R 31/3:106-50
=088  \\$aSerial no. 106-50 (United States. Congress. House. Committee on Resources)
=110  1\$aUnited States.$bCongress.$bHouse.$bCommittee on Resources,$eauthor.
=245  10$aH.R. 2547, to provide for the conveyance of land interests to Chugach Alaska Corporation to fulfill the intent, purpose, and promise of the Alaska Native Claims Settlement Act :$bhearing before the Committee on Resources, House of Representatives ; One Hundred Sixth Congress, first session ; July 28, 1999 ; Washington, DC.
=246  3\$aHR 2547, to provide for the conveyance of land interests to Chugach Alaska Corporation to fulfill the intent, purpose, and promise of the Alaska Native Claims Settlement Act
=264  \1$aWashington :$bU.S. Government Printing Office,$c1999.
=300  \\$a1 online resource (iii, 98 pages) :$billustrations, map
=336  \\$atext$btxt$2rdacontent
=337  \\$acomputer$bc$2rdamedia
=338  \\$aonline resource$bcr$2rdacarrier
=588  \\$aDescription based on online resource; title from PDF title screen (govinfo web site, viewed on June 20, 2019).
=500  \\$a"Serial no. 106-50."
=610  10$aUnited States.$tAlaska Native Claims Settlement Act.
=610  20$aChugach Alaska Corporation.
=650  \0$aIndians of North America$zAlaska$xClaims.
=650  \0$aIndian land transfers$zAlaska.
=650  \0$aLand titles$xRegistration and transfer$zAlaska.
=655  \7$aLegislative hearings.$2lcgft
=776  08$iPrint version:$aUnited States. Congress. House. Committee on Resources.$tH.R. 2547, to provide for the conveyance of land interests to Chugach Alaska Corporation to fulfill the intent, purpose, and promise of the Alaska Native Claims Settlement Act 1999$w(OCoLC)43076764
=776  08$iMicrofiche version:$aUnited States. Congress. House. Committee on Resources.$tH.R. 2547, to provide for the conveyance of land interests to Chugach Alaska Corporation to fulfill the intent, purpose, and promise of the Alaska Native Claims Settlement Act$w(OCoLC)44175993
=856  40$uhttp://purl.access.gpo.gov/GPO/LPS3811
=856  4\$zAddress at time of PURL creation$uhttps://www.govinfo.gov/content/pkg/CHRG-106hhrg60581/pdf/CHRG-106hhrg60581.pdf
=856  \\$3(online)$uhttps://catalog.gpo.gov/fdlpdir/locate.jsp?ItemNumber=1023-A&SYS=001101269
=994  \\$aC0$bGPO
=049  \\$aXZL4
=955  \\$abca29 20190620$b20190620

