=LDR  01806cam  2200457 i 4500
=001  001101300
=003  OCoLC
=005  20190621094844.0
=006  m\\\\\o\\d\f\\\\\\
=007  cr\|||||||||||
=008  190621s1996\\\\dcu\\\\\ol\\\f000\0\eng\c
=035  \\$a(OCoLC)1105198843
=040  \\$aGPO$beng$erda$epn$cGPO$dGPO
=042  \\$apcc
=043  \\$an-us-az
=074  \\$a0575-A-02 (online)
=086  0\$aAE 2.110:104-301
=088  \\$aPublic Law 104-301
=110  1\$aUnited States,$eenacting jurisdiction.
=240  10$aNavajo-Hopi Land Dispute Settlement Act of 1996
=245  13$aAn Act to Provide for the Settlement of the Navajo-Hopi Land Dispute, and for Other Purposes.
=264  \1$a[Washington, D.C.] :$b[U.S. Government Printing Office],$c[1996]
=300  \\$a1 online resource ([7] pages)
=336  \\$atext$btxt$2rdacontent
=337  \\$acomputer$bc$2rdamedia
=338  \\$aonline resource$bcr$2rdacarrier
=588  \\$aDescription based on online resource; title from PDF title screen (govinfo web site, viewed on June 21, 2019).
=500  \\$a"Oct. 11, 1996, (S. 1973)."
=500  \\$a"110 Stat. 3649."
=500  \\$a"Public Law 104-301."
=650  \0$aNavajo Indians$xClaims.
=650  \0$aNavajo Indians$xLand tenure.
=650  \0$aHopi Indians$xClaims.
=650  \0$aHopi Indians$xLand tenure.
=650  \0$aIndian land transfers$zArizona.
=655  \7$aStatutes and codes.$2lcgft
=776  08$iPrint version:$aUnited States.$sNavajo-Hopi Land Dispute Settlement Act of 1996.$tAct to Provide for the Settlement of the Navajo-Hopi Land Dispute, and for Other Purposes$w(OCoLC)36294346
=856  \\$3(online)$uhttps://catalog.gpo.gov/fdlpdir/locate.jsp?ItemNumber=0575-A-02&SYS=001101300
=994  \\$aC0$bGPO
=049  \\$aGPOO
=955  \\$abca29 20190621$b20190621

