=LDR  02178cam  2200481 i 4500
=001  001101370
=005  20190624140850.0
=006  m\\\\\o\\d\f\\\\\\
=007  cr\|||||||||||
=008  970213s1996\\\\dcu\\\\\ol\\\f000\0\eng\c
=019  \\$a1047461945
=035  \\$a(OCoLC)1046887479$z(OCoLC)1047461945
=040  \\$aINARC$beng$erda$epn$cINARC$dOCLCO$dOCLCF$dOCLCQ$dGPO
=042  \\$apcc
=043  \\$an-us---
=074  \\$a0575-A-02 (online)
=086  0\$aAE 2.110:104-313
=110  1\$aUnited States,$eenacting jurisdiction.
=245  10$aIndian Health Care Improvement Technical Corrections Act of 1996.
=246  16$aAct to amend the Indian Health Care Improvement Act to extend the demonstration program for direct billing of Medicare, Medicaid, and other third party payors
=264  \1$a[Washington, D.C.] :$b[U.S. Government Printing Office],$c[1996]
=300  \\$a1 online resource ([3] pages)
=336  \\$atext$btxt$2rdacontent
=337  \\$acomputer$bc$2rdamedia
=338  \\$aonline resource$bcr$2rdacarrier
=500  \\$aShipping list no.: 97-0114-P.
=500  \\$a"Oct. 19, 1996, (H.R. 3378)"--Page [1].
=500  \\$a"110 Stat. 3820")"--Page [1].
=500  \\$a"Public Law 104-313."
=650  \0$aIndians of North America$xMedical care$xLaw and legislation.
=650  \0$aMedicare$xLaw and legislation.
=650  \0$aMedicaid$xLaw and legislation.
=655  \7$aStatutes and codes.$2lcgft
=776  08$iPrint version:$aUnited States.$tIndian Health Care Improvement Technical Corrections Act of 1996$w(OCoLC)36381848
=856  40$3PDF version:$uhttps://purl.fdlp.gov/GPO/gpo122220
=856  40$3Text version:$uhttps://purl.fdlp.gov/GPO/gpo122221
=856  4\$zAddress at time of PURL creation$3PDF version:$uhttps://www.govinfo.gov/content/pkg/PLAW-104publ313/pdf/PLAW-104publ313.pdf
=856  4\$zAddress at time of PURL creation$3Text version:$uhttps://www.govinfo.gov/content/pkg/PLAW-104publ313/html/PLAW-104publ313.htm
=856  \\$3(online)$uhttps://catalog.gpo.gov/fdlpdir/locate.jsp?ItemNumber=0575-A-02&SYS=001101370
=994  \\$aC0$bGPO
=049  \\$aGPOO
=955  \\$abca29 20190624$b20190624
=955  \\$abca29 20190624

