=LDR  02304nam  2200469 i 4500
=001  001101409
=005  20190625102703.0
=006  m\\\\\o\\d\f\\\\\\
=007  cr\|||||||||||
=008  190625s2019\\\\dcuab\\\o\\\\f000\0\eng\c
=035  \\$a(OCoLC)1105631785
=037  \\$aNCJ 252671
=040  \\$aGPO$beng$erda$epn$cGPO
=042  \\$apcc
=043  \\$an-us---
=074  \\$a0718-A-05 (online)
=086  0\$aJ 32.2:AS 3
=110  1\$aUnited States.$bOffice of Juvenile Justice and Delinquency Prevention,$eauthor.
=245  10$aImplementation of the Ashlynne Mike AMBER Alert in Indian Country Act of 2018 :$ba report to Congress.
=264  \1$aWashington, DC :$bU.S. Department of Justice, Office of Justice Programs, Office of Juvenile Justice and Delinquency Prevention,$c2019.
=300  \\$a1 online resource (x, 24 pages) :$bcolor maps, color illustrations
=336  \\$atext$btxt$2rdacontent
=337  \\$acomputer$bc$2rdamedia
=338  \\$aonline resource$bcr$2rdacarrier
=500  \\$a"May 2019."
=536  \\$aOffice of Juvenile Justice and Delinquency Prevention, U.S. Department of Justice$d2017-MC-FX-K003
=588  \\$aDescription based on online resource, PDF version; title from title page (OJJDP, viewed June 24, 2019).
=610  10$aUnited States.$tAshlynne Mike AMBER Alert in Indian Country Act.
=610  10$aUnited States.$tProsecutorial Remedies and Other Tools to End the Exploitation of Children Today Act of 2003.
=650  \0$aEmergency communication systems$xLaw and legislation$zUnited States.
=650  \0$aPolice communication systems$xLaw and legislation$zUnited States.
=650  \0$aPolice-community relations$zUnited States.
=650  \0$aMissing children$xLegal status, laws, etc.$zUnited States.
=650  \0$aMissing persons$xInvestigation$xLaw and legislation$zUnited States.
=650  \0$aKidnapping victims$xLegal status, laws, etc.$zUnited States.
=650  \0$aIndian children$xLegal status, laws, etc.$zUnited States.
=856  40$uhttps://purl.fdlp.gov/GPO/gpo122238
=856  4\$zAddress at time of PURL creation$uhttps://www.ojjdp.gov/pubs/252671.pdf
=856  \\$3(online)$uhttps://catalog.gpo.gov/fdlpdir/locate.jsp?ItemNumber=0718-A-05&SYS=001101409
=994  \\$aC0$bGPO
=049  \\$aXZL4
=955  \\$abc72 20190625$b20190625

